3550 5367
243 338 281 395 52
629 349 667 393 ns
690 350 833 395 raarraus
853 347 1162 393 oauraaocaaosrcrs.

245 501 299 559 23.
317 498 371 559 26.
387 493 431 559 al.
454 491 645 579 (Fritzsche)
660 492 833 559 teraturet
847 492 1024 559 alialectio
1041 487 1236 579 αἱρετώτερον
1255 492 1368 557 statim
1385 496 1422 558 ut
1437 513 1553 558 emen-

245 600 336 667 datio
354 596 643 689 deprehendatur.
662 602 841 665 Praeterea
856 620 936 664 cum
952 603 1061 663 textus
1078 597 1317 664 Theodotionis
1333 620 1373 664 ca
1384 599 1420 663 in
1440 621 1555 665 narra·

243 708 331 772 tione
356 706 564 793 permultum
584 704 752 793 discrepet
774 726 794 771 a
813 708 895 771 LXX
916 704 1091 792 multaque
1114 704 1241 772 babeat
1263 703 1306 771 de
1322 704 1447 793 quibus
1461 705 1554 794 apud

245 834 302 879 eos
320 833 387 877 non
408 818 457 877 est
476 811 673 895 vestigium,
693 809 769 875 fieri
786 813 905 900 nequit
922 817 959 876 ut
977 816 1070 876 ortus
1086 811 1129 876 sit
1145 832 1185 875 ex
1202 811 1354 876 versione
1373 814 1464 877 LXX.
1482 812 1555 878 Alia

245 919 414 1007 quaedam
437 916 512 982 vide
532 916 625 1005 apud
652 916 758 982 Welte
778 917 958 1007 (Specielle
982 916 1180 1002 Einleitung
1200 916 1237 981 in
1258 916 1312 982 die
1334 916 1552 984 deuterocan.

243 1030 277 1092 B.
293 1048 328 1114 p.
346 1022 425 1113 aas)
442 1027 473 1089 et
494 1021 702 1090 Wt'ederbolt
720 1023 902 1109 (Tttbingcr
920 1021 1180 1099 Quartalsehritt
1201 1027 1285 1089 1869
1298 1046 1333 1113 p.
1351 1023 1442 1111 297).
1457 1024 1554 1090 Nullo

242 1130 343 1197 modo
360 1130 494 1196 obstare
513 1130 768 1218 paronomasias
785 1150 871 1218 quae
891 1129 926 1194 in
945 1134 1036 1195 textu
1054 1149 1179 1215 graeco
1196 1128 1367 1195 habentur
1382 1152 1414 1196 v.
1434 1136 1551 1208 ata-59,

241 1236 318 1302 vide
334 1238 369 1302 in
385 1236 630 1302 commentario
648 1234 749 1301 infra.

285 1343 394 1410 Etiam
413 1342 642 1408 narrationem
663 1340 705 1406 de
728 1341 784 1407 Bel
807 1346 840 1407 et
863 1341 1009 1407 dracone
1031 1350 1072 1408 ex'
1091 1342 1190 1407 hebr.
1215 1362 1284 1408 esse
1305 1362 1452 1421 versam,
1475 1340 1554 1408 inde

242 1469 378 1539 quoque
399 1447 561 1514 suadetur
573 1445 666 1535 quod
689 1452 798 1513 textus
821 1448 914 1536 apud
936 1447 1196 1514 Theodotionem
1214 1470 1280 1513 non
1300 1453 1410 1537 potest
1433 1470 1454 1513 a
1475 1452 1554 1513 LXX

241 1554 400 1621 derivari.
415 1553 452 1619 ld
466 1555 536 1619 iam
549 1553 647 1619 initio
665 1554 870 1619 narrationis
883 1553 976 1643 quod
994 1552 1079 1619 adeo
1098 1553 1271 1620 diversum
1291 1561 1341 1621 cst
1357 1555 1393 1619 in
1408 1559 1554 1643 utroque

240 1668 332 1727 textu
358 1658 610 1748 comprobatur.
636 1658 738 1749 Apud
759 1659 1025 1726 theodotionem
1050 1658 1200 1727 habetur
1222 1660 1274 1747 (ut
1293 1662 1328 1726 in
1354 1660 1464 1748 vulg.)
1488 1682 1496 1727 :
1522 1664 1556 1726 ct

241 1790 299 1833 rex
313 1772 476 1853 Astyages
491 1765 663 1855 appositus
677 1770 726 1831 est
745 1765 789 1831 ad
804 1772 919 1854 patres
934 1786 1013 1832 suos
1034 1771 1067 1832 et
1088 1767 1235 1855 suscepit
1250 1768 1357 1852 Cyrus
1371 1770 1486 1832 Perses
1501 1788 1554 1833 re·

241 1894 348 1960 gnum
363 1874 451 1952 eius;
470 1876 502 1937 et
517 1876 590 1937 erat
611 1870 729 1937 Daniel
751 1872 893 1937 conviva
912 1871 1004 1957 regis
1025 1876 1108 1953 etc.;
1126 1871 1218 1961 apud
1239 1877 1321 1938 Lxx
1336 1871 1485 1938 habetur
1501 1874 1555 1938 in-

240 1980 378 2069 scriptio
399 2000 461 2043 :ex
473 1977 652 2067 prophetia
666 1978 856 2045 Ambacum
871 1977 1054 2066 (Habacuc)
1073 1977 1134 2043 filii
1158 1982 1231 2046 lesu
1252 1978 1375 2067 (losue)
1397 2000 1437 2043 ex
1458 1979 1556 2045 tribu

211 2148 215 2171 ,
243 2087 337 2167 Levi,
354 2092 387 2151 et
407 2084 556 2151 narratio
577 2084 722 2173 incipit:
743 2085 797 2149 vir
814 2090 886 2149 erat
902 2083 1077 2167 sacerdos,
1098 2086 1154 2151 cui
1168 2106 1292 2151 nomen
1315 2086 1448 2167 Daniel,
1463 2085 1554 2151 filius

241 2193 342 2275 Abel,
358 2193 499 2259 conviva
519 2192 613 2277 regis
629 2190 822 2279 Babylonis.
849 2194 933 2256 Cum
953 2193 1066 2257 versio
1082 2189 1306 2258 alexandrina
1328 2195 1407 2257 Lxx
1430 2190 1465 2257 in
1490 2192 1555 2258 hoe

241 2300 330 2367 libro
345 2299 419 2365 aliis
434 2319 569 2387 quoque
584 2297 666 2362 locis
681 2302 714 2362 et
725 2297 927 2386 praesertim
941 2298 978 2363 in
988 2296 1244 2364 narrationibus
1259 2298 1406 2363 multum
1422 2297 1558 2363 recedat

242 2407 286 2473 ab
297 2405 459 2485 hebraeo,
475 2408 497 2468 T
500 2402 659 2469 heodotio
674 2408 789 2471 autem
802 2408 932 2472 textum
945 2402 1045 2469 hebr.
1060 2425 1175 2492 presse
1189 2409 1363 2491 sequatur,
1379 2405 1481 2469 etiam
1494 2404 1556 2470 hoc

241 2514 317 2579 loco
336 2510 427 2576 idem
447 2510 643 2594 contingere
661 2508 845 2574 dicendum
865 2514 926 2576 est.
941 2508 1081 2575 Accedit
1100 2509 1204 2575 dictio
1223 2509 1442 2591 hebraizans;
1458 2531 1556 2598 saepe

244 2626 380 2717 ponitur
394 2622 457 2705 καὶ,
477 2624 536 2690 ubi
555 2625 613 2712 qui
630 2644 751 2709 graece
767 2622 930 2689 scriberet
948 2623 1024 2689 aliis
1037 2629 1191 2690 uteretur
1203 2625 1396 2713 particulis3
1413 2625 1449 2691 in
1464 2648 1497 2691 v.
1515 2630 1555 2691 tl

243 2740 401 2830 apodosis
419 2739 575 2829 incipite
594 2734 648 2800 καὶ
662 2737 754 2828 quod
773 2739 875 2827 plane
895 2739 983 2828 sapit
1002 2738 1209 2817 hebraeum3
1226 2762 1258 2805 v.
1278 2746 1297 2806 5
1318 2725 1442 2806 locutio
1461 2744 1557 2829 pote-

245 2858 336 2924 statis
359 2858 466 2925 omru's
486 2853 595 2920 cornis
615 2854 746 2944 pariter
762 2853 851 2942 sapit
874 2854 994 2935 hebr.;
1011 2855 1092 2920 item
1110 2878 1143 2920 v.
1161 2861 1202 2922 1a
1227 2855 1450 2940 signaverunt
1464 2853 1493 2916 ἐν
1513 2861 1556 2937 τῷ

246 2954 420 3050 laureata,
445 2963 574 3053 pariter
594 2984 627 3027 v.
648 2967 690 3026 26
714 2960 758 3027 da
781 2960 868 3025 mihi
892 2964 1092 3050 potestatem
1115 2974 1148 3026 ec
1161 2960 1390 3049 a'ntcrficium,·
1409 2960 1501 3049 quod
1521 2962 1557 3026 iu

246 3090 277 3132 v.
297 3072 337 3133 tt
352 3068 478 3153 legitur
493 3069 670 3130 κατέσεισαν
690 3066 761 3129 ὅλον
780 3064 831 3129 τὸν
846 3064 916 3128 ναόν
936 3090 975 3132 ex
989 3089 1113 3152 graeco
1130 3067 1289 3157 explicari
1301 3067 1436 3155 nequit,
1452 3068 1558 3157 expli-

244 3177 341 3239 catur
355 3196 435 3240 vero
453 3198 492 3241 ex
506 3175 604 3241 hebr.
623 3199 695 3275 τμη
710 3174 753 3240 el.
773 3179 824 3240 Ps.
848 3180 962 3255 68,10.
987 3179 1085 3240 Prov.
1107 3180 1200 3256 7‚1'1,
1218 3196 1286 3263 quo
1304 3174 1381 3242 loco
1402 3194 1557 3262 comper-

244 3302 322 3367 yere
333 3279 431 3347 hebr.
443 3281 599 3367 iungitur
614 3280 744 3370 duplici
758 3281 949 3347 accusativo
961 3280 1017 3369 (ol.
1041 3279 1150 3348 Welte
1163 3281 1187 3345 1.
1206 3304 1234 3347 c.
1253 3304 1287 3370 p.
1300 3286 1385 3363 2573
1408 3278 1558 3346 Wr'eder-

246 3386 355 3453 total.
372 3407 401 3452 c.
422 3392 506 3453 1872
523 3411 557 3477 p.
575 3389 668 3477 559).

291 3496 431 3558 Domum
443 3496 541 3558 Fr'trst
561 3496 637 3581 (Der
657 3498 769 3560 Itanon
787 3495 845 3561 des
863 3498 901 3560 A.
923 3498 958 3561 T.
979 3494 1066 3560 nach
1086 3493 1152 3559 den
1172 3493 1501 3579 Ueberlielerungen
1522 3495 1558 3558 in

246 3598 388 3665 'talmud
403 3597 473 3665 und
494 3598 659 3667 Alidrasch
672 3623 707 3690 p.
727 3608 801 3666 102.
823 3600 901 3687 tto)
917 3599 1060 3665 advertit
1070 3600 1283 3665 narrationes
1296 3601 1376 3665 illas
1390 3605 1457 3665 tres
1470 3620 1559 3665 com-

247 3706 429 3772 memorari
448 3705 484 3771 in
511 3705 640 3771 talmud
668 3712 701 3771 et
727 3705 917 3787 midrasch,
942 3734 958 3767 a
979 3704 1069 3771 unde
1089 3706 1306 3792 cognoscitur
1320 3728 1378 3772 eas
1395 3705 1558 3771 exstitisse

248 3814 451 3901 conscriptas
465 3818 535 3877 tam
548 3814 583 3877 in
597 3812 717 3899 lingua
731 3813 881 3879 hebraea
893 3834 998 3901 quam
1014 3813 1050 3878 in
1065 3812 1236 3878 aramaica
1251 3818 1284 3877 et
1297 3835 1423 3898 graeca
1437 3817 1470 3877 et
1483 3811 1560 3900 plus

248 3941 351 4008 quam
367 3918 510 3984 dubium
530 3940 600 3985 esse
622 3940 740 3985 earum
759 3918 916 4005 linguam
934 3919 1143 4007 primitivam
1164 3924 1324 4008 reputare
1345 3938 1503 4004 graecam
1523 3939 1556 3994 »;

248 4047 351 4115 porro
368 4026 486 4091 asserit
505 4032 618 4114 partes
637 4047 693 4091 eas
710 4025 792 4090 olim
811 4026 847 4090 in
871 4024 1020 4091 hebraeo
1039 4024 1128 4090 libro
1148 4024 1296 4090 Danielis
1311 4025 1412 4090 luisse
1432 4029 1465 4089 et
1483 4023 1560 4112 qui·

249 4130 327 4197 dem
343 4131 519 4198 historiam
538 4136 725 4197 Susannam
745 4137 820 4221 post
845 4138 924 4214 1,20
946 4137 980 4197 ct
1000 4130 1180 4197 historiam
1206 4130 1248 4196 de
1273 4130 1331 4198 cet
1359 4136 1393 4197 et
1414 4129 1561 4195 dracone

249 4239 286 4303 in
299 4260 373 4326 cap.
396 4246 427 4317 6,
444 4238 630 4305 orationem
646 4238 784 4304 Azariae
803 4244 837 4303 et
855 4237 1025 4325 hymnum
1041 4246 1118 4327 post
1137 4244 1234 4317 3,23;
1260 4258 1316 4302 eas
1340 4242 1454 4316 autem
1466 4241 1562 4324 ‘post

249 4343 391 4410 modum
410 4367 479 4411 esse
495 4368 512 4411 e
526 4344 614 4411 libro
630 4352 772 4411 amotas.
1259 4412 1262 4415 ,

293 4450 445 4517 Alterum
469 4452 561 4539 quod
589 4451 719 4517 ostendi
743 4456 875 4541 oportet
899 4457 948 4517 est
973 4474 1029 4517 eas
1050 4458 1163 4541 partes
1190 4450 1235 4517 ad
1261 4450 1391 4516 librum
1418 4448 1563 4515 Danielis

250 4558 436 4649 pertinere.
451 4561 559 4646 Atque
570 4558 605 4623 id
620 4558 759 4645 quidem
774 4580 836 4647 pro
849 4564 929 4637 3,2t
942 4556 1128 4624 ostenditur
1144 4580 1182 4625 eo
1197 4556 1288 4647 quod
1303 4557 1340 4622 in
1353 4545 1446 4622 textu
1462 4555 1560 4622 hebr.

252 4666 374 4757 lacuna
401 4662 499 4729 facile
519 4664 816 4731 animadvertitur.
832 4668 917 4729 Nam
938 4669 1119 4753 postquam
1142 4670 1321 4729 narratum
1349 4668 1399 4728 est
1421 4663 1562 4728 iuvenes

252 4773 427 4858 colligatos
450 4771 485 4836 in
502 4768 653 4836 medium
674 4770 844 4836 carninmn
864 4769 1040 4838 ardentem
1060 4792 1127 4837 esse
1144 4771 1299 4854 iniectos,
1320 4768 1433 4836 statim
1452 4766 1562 4855 sequi-
