3550 5367
735 359 814 418 ιιιι.
837 360 867 430 a,
891 359 981 418 aaa:
1448 356 1507 416 aas

186 507 285 573 bitur
306 511 387 573 Dan.
408 513 505 590 11,31
527 529 640 598 neque
665 513 782 589 12113
802 529 886 594 ergo
906 529 1045 575 necesse
1068 512 1116 575 est
1135 513 1218 575 Dan.
1241 515 1321 590 9,Ξῖ
1342 507 1504 593 intelligi,
1573 542 1575 549 ·

186 613 331 680 ubitale
351 612 521 685 excidium
533 614 569 679 in
581 636 613 679 v.
632 620 687 680 26.
705 621 747 680 27
762 613 853 680 clare
866 613 1084 681 describitur.
1230 630 1232 633 ’

235 724 340 785 Ροιιο
366 720 604 810 interpretatio
630 722 798 788 messiane
826 720 1087 788 commendatur
1115 728 1149 789 t⁰
1175 743 1215 787 eo
1246 743 1383 810 quoque
1414 719 1508 809 quod

185 834 343 916 tempore
361 826 486 896 Christi
500 826 703 916 exspectatio
714 826 852 914 vigebat
867 827 1017 894 llessiam
1031 849 1101 894 esse
1116 834 1313 894 venturum.
1329 827 1506 894 Undenanr

186 932 485 1022 haecexspectatio
501 955 541 998 eo
553 937 706 1023 tempore
719 933 879 1022 explicari
891 938 1022 1021 potest?
1032 938 1104 1000 Non
1115 957 1154 1000 ex
1170 933 1249 1000 solis
1257 934 1360 1000 rebus
1371 933 1509 999 ludaeo-

188 1059 269 1104 rum
287 1037 437 1120 aftlictis3
457 1060 537 1105 nam
556 1040 1004 1130 temporellachabaeorum
1024 1040 1247 1107 resiudaicae
1266 1041 1396 1130 pariter
1411 1047 1508 1105 erant.

186 1150 392 1235 prostratae,
408 1145 515 1210 immo
530 1166 650 1212 eorum
668 1145 789 1233 religio
803 1147 1040 1236 persecutione
1055 1146 1227 1215 dirissima
1236 1145 1510 1236 impugnabatur

188 1257 225 1320 et
240 1257 354 1318 tamen
368 1273 411 1317 ne
431 1250 613 1319 minimum
632 1253 771 1342 quidem
785 1253 939 1320 cernitur
953 1255 1134 1339 vestigium
1152 1253 1410 1342 exspectationis
1421 1273 1508 1317 mes-

188 1359 323 1436 sianae3
342 1363 480 1449 sperant
497 1359 570 1425 fore
593 1365 632 1426 ut
649 1360 819 1450 propheta
838 1360 962 1451 aliquis
983 1353 1085 1427 aDeo
1098 1361 1278 1427 suscitetur
1294 1360 1324 1447 (1
1341 1359 1450 1426 Mach.
1474 1363 1507 1441 t,

189 1471 252 1543 ¹⁵63
276 1464 404 1552 1t‚t1);
422 1469 457 1532 at
471 1465 593 1533 Christi
612 1471 766 1556 tempore
785 1489 853 1556 quo
867 1471 982 1533 tamen
1001 1466 1207 1552 religionem
1221 1466 1397 1532 liberrime
1412 1485 1508 1532 exer-

188 1581 270 1638 cent
288 1571 401 1639 sabito
426 1593 502 1661 spes
526 1573 694 1640 messiane
714 1582 748 1640 et
766 1575 968 1663 exspectatio
983 1574 1111 1664 ubique
1126 1574 1220 1659 viget
1242 1572 1334 1663 apud
1349 1571 1507 1654 ludaeos,

189 1678 284 1769 apud
300 1680 545 1760 Samaritanus,
568 1679 619 1746 uti
641 1684 809 1746 testentur
823 1680 1042 1766 evangelicae
1059 1681 1277 1746 narrationes
1290 1684 1325 1745 et
1336 1679 1409 1770 ipse
1422 1701 1510 1768 qno·

189 1809 258 1876 que
279 1785 441 1875 Iosephus
450 1785 603 1854 scribens
617 1783 659 1853 de
674 1787 743 1853 suis
759 1786 960 1875 aequalibus
976 1808 985 1854 :
1005 1815 1021 1849 «
1037 1787 1096 1853 sed
1112 1785 1206 1875 quod
1225 1786 1371 1852 maxime
1388 1806 1445 1852 eos
1465 1785 1509 1854 ad

189 1890 321 1958 bellum
334 1891 553 1974 excitaverat,
573 1893 772 1960 vaticinium
789 1899 863 1959 erat
873 1893 1076 1980 ambiguum
1089 1894 1124 1959 in
1137 1893 1245 1959 sacris
1256 1891 1378 1958 litteris
1392 1913 1509 1982 reper-

189 2014 284 2088 tum,
304 2005 373 2072 illis
392 2005 527 2073 circiter
544 2008 756 2097 temporibus
769 2001 824 2096 (ὡς
841 2000 924 2070 κατὰ
941 2005 994 2070 τὸν
1012 2006 1114 2094 καιρὸν
1129 1999 1255 2088 ἐκεῖνον)
1272 2006 1448 2094 quendam
1469 2029 1509 2072 ex

190 2115 346 2203 ipsorum
361 2113 488 2180 tinibus
503 2115 695 2209 protectum
711 2115 804 2181 orbis
824 2118 995 2180 terrarum
1010 2115 1156 2203 imperio
1169 2115 1357 2204 potiturum
1375 2140 1393 2174 ιι
1411 2111 1507 2201 (Bell.

190 2221 264 2288 iud.
283 2225 353 2302 6‚5,
376 2219 421 2308 t).
434 2226 542 2290 lmmo
556 2225 653 2288 tanta
667 2226 740 2287 erat
752 2243 793 2287 eo
806 2225 960 2311 tempore
979 2220 1202 2310 exspectatio,
1220 2226 1257 2285 ut
1278 2222 1310 2286 ei
1333 2241 1471 2308 quoque
1490 2241 1510 2285 a

191 2327 355 2394 Suetonio
374 2332 407 2392 ct
427 2327 538 2393 Tacito
552 2328 785 2394 testimonium
808 2329 955 2408 seratum
971 2326 1030 2393 ille
1045 2325 1184 2417 quidem
1199 2326 1248 2392 ita
1268 2324 1410 2392 scribit:
1430 2347 1509 2415 per-

190 2434 373 2499 crebuerat
387 2432 515 2499 oriente
529 2437 600 2499 toto
615 2439 710 2500 vetus
729 2439 762 2499 et
781 2438 939 2500 constans
957 2434 1074 2524 opinio
1089 2454 1159 2499 esse
1172 2432 1210 2500 in
1225 2433 1303 2499 fatis
1315 2437 1353 2498 ut
1369 2453 1409 2498 eo
1421 2438 1510 2496 tem-

190 2560 275 2628 pore
295 2539 421 2605 ludaea
442 2539 583 2628 profecti
609 2559 725 2606 rerum
748 2541 941 2630 potirentur
956 2540 1105 2630 (Vespas.
1129 2561 1206 2629 cap.
1226 2540 1274 2626 t);
1294 2538 1350 2603 hic
1368 2543 1507 2604 autem:

191 2645 343 2734 antiquis
363 2644 576 2712 sacerdotum
597 2645 695 2711 libris
718 2646 886 2713 contineri
907 2669 949 2714 eo
968 2646 1043 2736 ipso
1065 2651 1218 2734 tempore
1240 2645 1330 2727 fore,
1352 2650 1390 2710 nt
1415 2643 1509 2710 vale-

191 2758 301 2817 sceret
322 2752 436 2818 oriens
454 2750 666 2840 profectique
686 2751 811 2818 ludaea
832 2774 947 2819 rerum
966 2753 1159 2843 potirentur
1173 2751 1269 2839 (Hist.
1286 2755 1323 2830 V,
1349 2751 1414 2836 13).
1437 2753 1507 2816 Iam

191 2857 282 2924 unde
298 2856 462 2947 explicari
480 2863 591 2947 potest
604 2879 698 2948 spem
713 2859 809 2925 illam
826 2858 870 2925 ad
885 2858 972 2926 illud
986 2865 1123 2947 tempus
1141 2880 1210 2924 esse
1226 2859 1393 2924 relatam?
1412 2855 1509 2923 Nulla

191 2963 341 3030 habetur
351 2964 386 3029 in
402 2963 571 3032 vaticiniis
588 2965 747 3053 temporis
762 2964 952 3051 designatio
967 2987 1029 3054 pro
1043 2965 1156 3031 Massia
1171 2965 1308 3053 quaein
1323 2962 1409 3029 illud
1425 2970 1510 3028 tem-

190 3093 256 3160 pus
282 3071 479 3150 conveniat,
504 3073 567 3138 nisi
592 3071 678 3138 haec
701 3071 793 3160 apud
819 3071 993 3137 Danielem
1013 3077 1105 3151 9214.
1125 3077 1180 3138 25.
1205 3073 1338 3136 Poterat
1356 3091 1428 3134 esse
1449 3068 1510 3134 du·

191 3179 287 3246 bium
306 3178 382 3266 quis
400 3179 443 3242 sit
457 3177 515 3244 ille
531 3199 642 3243 sermo
662 3200 683 3244 a
703 3200 771 3266 quo
794 3177 1011 3266 incipiendae
1031 3177 1098 3244 sint
1112 3175 1346 3243 hebdomades
1361 3181 1423 3256 70;
1439 3175 1509 3240 for-

191 3291 278 3352 tasse
300 3284 409 3372 aliqui
430 3283 500 3350 iam
521 3306 542 3350 a
562 3284 696 3351 decreto
719 3285 797 3372 Cyri
817 3284 870 3349 vel
893 3283 984 3350 Darii
1011 3283 1167 3372 Hystaspi
1190 3283 1451 3372 computabant;
1476 3287 1512 3348 at

192 3391 279 3457 urba
301 3391 414 3456 denuo
434 3389 616 3457 aedificata
633 3391 853 3457 manifestum
869 3395 943 3456 erat
963 3389 1140 3456 oraculum
1162 3389 1227 3455 hoc
1248 3388 1398 3461 Danielis
1418 3388 1511 3454 intra

192 3504 235 3564 '10
256 3495 491 3563 hebdomadas
514 3497 557 3563 iri
581 3496 772 3586 impletum.
792 3494 874 3562 lnde
897 3501 1012 3562 autem
1037 3494 1215 3562 commode
1239 3495 1427 3584 explicatur
1447 3516 1511 3561 cur

192 3609 348 3693 ternpore
364 3603 486 3668 Christi
499 3602 611 3669 subito
626 3625 700 3692 spes
716 3604 775 3669 illa
787 3608 820 3669 et
834 3604 1041 3692 exspectatio
1054 3608 1128 3668 orta
1143 3603 1199 3668 sit.

237 3711 333 3776 Hisce
353 3708 483 3776 accedit
502 3715 535 3777 5⁰
548 3708 640 3798 quod
661 3711 821 3799 Iosephus
838 3712 905 3776 hoc
919 3709 1066 3775 Danielis
1080 3708 1281 3774 vaticinium
1297 3707 1341 3774 ad
1355 3707 1510 3773 destruc-

192 3817 320 3884 tionem
343 3815 437 3881 urbis
452 3835 539 3904 quae
559 3838 620 3883 suo
639 3821 792 3905 tempore
815 3838 877 3906 per
899 3819 1068 3882 Romanos
1083 3815 1188 3881 fiebat
1208 3814 1340 3892 retulit;
1361 3815 1433 3880 eins
1452 3836 1512 3879 an-

190 3927 261 3989 tem
278 3923 446 3988 sententia
469 3921 568 3988 nobis
587 3923 666 3989 satis
686 3922 849 4012 panditur
869 3921 1013 3990 ludaeos
1028 3922 1120 3988 circa
1138 3928 1273 4009 tempus
1292 3920 1415 3986 Christi
1433 3942 1510 3985 ora-

193 4029 308 4096 culum
330 4028 466 4116 impleri
486 4027 612 4094 dehere
632 4030 853 4110 existimasse3
880 4029 1083 4095 ludaeorum
1096 4050 1178 4094 vero
1197 4027 1239 4093 de
1262 4027 1326 4093 hoc
1349 4027 1512 4092 vaticinio

192 4135 358 4225 sententia
384 4134 491 4220 digna
510 4139 560 4200 est
578 4156 665 4223 quae
686 4135 928 4201 consideretur.
948 4139 1058 4225 Atque
1076 4133 1237 4223 Iosephus
1257 4132 1397 4222 quidem
1421 4137 1512 4222 post-

193 4262 296 4329 quam
313 4261 354 4307 ea
369 4241 543 4306 enarravit
561 4263 649 4330 quae
670 4262 745 4329 cap.
762 4245 782 4307 8
805 4239 846 4306 de
866 4243 972 4308 ariete
987 4247 1020 4307 et
1035 4241 1129 4306 hirco
1148 4240 1332 4323 habentur,
1352 4238 1512 4305 ultimam

193 4348 264 4413 eius
283 4346 405 4435 capitis
423 4352 556 4435 partem
580 4348 720 4436 exponit
742 4347 785 4414 de
808 4347 975 4414 Antiocho
994 4346 1172 4436 Epiphane
1190 4369 1198 4414 :
1215 4347 1301 4413 haec
1322 4346 1414 4412 enim
1439 4346 1512 4434 pati

192 4453 289 4539 genti
305 4458 442 4518 nostrae
455 4453 597 4540 contigit
611 4453 655 4520 ab
668 4453 832 4519 Antiocho
845 4453 1039 4543 Epiphane,
1054 4454 1139 4519 sicut
1151 4453 1266 4519 Daniel
1279 4451 1366 4519 vidit
1379 4457 1413 4517 et
1425 4451 1512 4516 mul-

189 4560 235 4625 tis
257 4559 357 4625 annis
380 4563 480 4626 antea
501 4581 541 4625 ea
566 4582 654 4649 quae
673 4564 861 4626 evenerunt
883 4558 1092 4647 conscripsit.
1116 4559 1200 4624 Dein
1220 4560 1335 4648 pergit
1361 4581 1369 4625 ε
1391 4558 1509 4623 eodem

189 4663 297 4731 modo
317 4665 419 4732 etiam
435 4665 478 4731 de
495 4667 639 4754 imperio
655 4670 886 4733 Romanorum
901 4665 1034 4756 scripsit
1048 4669 1081 4731 et
1095 4663 1187 4755 quod
1201 4664 1246 4732 ab
1265 4664 1347 4754 ipsis
1360 4663 1510 4730 vastabi-

192 4787 250 4846 tur
267 4774 538 4870 (ἐρημωθήσεται),
559 4781 631 4849 scil.
653 4803 737 4869 gens
753 4787 867 4849 nostra
883 4782 1011 4871 (Antiq.
1035 4787 1148 4864 10‚11.
1167 4779 1215 4870 7).
1237 4779 1330 4846 Unde
1348 4801 1426 4846 cum
1445 4780 1510 4844 hoc
