3550 5367
235 280 291 341 190
781 280 859 341 Diu.
883 278 913 350 7,
937 280 993 339 4-5

230 428 459 495 conditionem
481 431 624 495 naturae
652 427 785 514 fragilia
808 434 840 494 et
865 427 1022 493 infirmae
1050 426 1171 493 recidit
1196 426 1252 515 (ci.
1276 430 1314 496 S.
1347 429 1442 495 Hier.
1465 428 1544 497 Ale.

225 527 370 622 ⁴Medd),
388 533 508 600 didicit
531 534 728 601 demissiore
748 556 868 625 sapere
889 554 1079 621 agnoscens
1092 534 1325 600 infirmitatem
1345 538 1379 601 et
1397 534 1441 601 ad
1455 557 1547 602 cem-

229 663 369 707 munem
391 641 571 708 hominum
590 640 801 707 debilitatem
829 643 862 706 et
885 640 1122 729 impotentiam
1142 639 1282 708 reducta
1302 640 1398 730 (Hip.
1423 642 1542 730 Chrys.

228 750 289 828 Se,
309 749 428 815 Senot.
443 750 519 814 Per.
539 728 648 813 datm.
667 746 764 813 lieltl.
785 748 903 813 Trocb.
923 744 1037 835 ried).
1056 750 1093 811 ln
1108 751 1199 813 statu
1215 748 1277 813 isto
1292 746 1391 813 facile
1404 770 1424 813 a
1437 748 1547 815 bestia

227 853 347 935 feroci,
362 854 406 920 ab
425 874 518 936 urso,
539 856 676 942 poterat
692 852 861 943 superari.

233 988 237 996 =
270 961 423 1027 Alterum
444 980 607 1046 regnum,
631 958 803 1027 Medorum
827 960 904 1026 scil.
932 964 966 1026 et
983 964 1177 1043 Persarum,
1195 958 1401 1027 emblemate
1422 962 1491 1027 ursi
1513 961 1546 1029 ei

227 1068 368 1134 effertur
382 1090 414 1133 v.
433 1074 452 1134 5
473 1094 490 1129 a
516 1078 549 1132 et
566 1088 643 1133 ecoe
664 1064 769 1133 bestie
793 1066 866 1133 eliu
886 1066 1101 1135 semilitterae
1129 1066 1166 1133 io
1186 1080 1287 1156 porte
1313 1066 1407 1134 stetit
1424 1080 1457 1134 et
1480 1080 1547 1135 tres

229 1173 360 1239 ordines
376 1185 472 1240 erent
487 1174 523 1239 ie
542 1196 599 1240 ore
613 1173 685 1239 eius
700 1186 734 1239 et
749 1172 785 1238 ie
804 1171 960 1239 dentibus
977 1172 1048 1241 eius
1070 1185 1102 1238 et
1118 1173 1166 1239 sic
1181 1172 1337 1241 dicebant
1358 1174 1413 1241 ei:
1428 1196 1545 1263 stupe,

227 1278 363 1347 comede
385 1301 504 1345 carmes
521 1279 694 1368 plurimos
724 1282 759 1346 »t
783 1316 828 1329 -
848 1280 901 1345 uti
926 1284 1004 1361 239
1025 1300 1172 1365 regnum
1196 1280 1386 1347 secundum
1407 1280 1546 1347 metallo

228 1385 427 1472 designatur
450 1386 564 1451 minus
586 1386 749 1477 pretiose,
767 1385 817 1450 ita
841 1384 898 1450 bic
923 1385 1064 1451 animali
1088 1408 1109 1451 a
1126 1386 1234 1453 leonis
1257 1387 1432 1452 maiestate
1454 1385 1546 1475 qued

226 1496 408 1583 reputatur
432 1492 578 1559 multum
602 1491 775 1559 recedere.
801 1494 901 1557 Verte
924 1510 932 1558 :
956 1513 1064 1558 iteum
1084 1492 1175 1559 luitis
1193 1491 1378 1583 efferebat,·
1398 1512 1545 1577 regnum

227 1604 299 1665 erat
317 1599 542 1689 bipartitum,
560 1598 695 1665 duabus
710 1603 868 1665 constans
886 1597 1061 1687 partibus,
1078 1600 1129 1666 uti
1151 1605 1231 1677 ’2,32
1252 1600 1289 1665 in
1316 1598 1448 1665 duobus
1462 1599 1545 1665 bra-

227 1704 313 1772 chiis
327 1727 464 1795 quoque
481 1706 712 1791 significatum
737 1726 906 1794 unapars
925 1704 1150 1794 praevalebat
1175 1727 1257 1795 prae
1283 1706 1406 1787 altera,
1424 1710 1544 1772 Persae

225 1812 329 1879 Medis
353 1817 451 1879 erant
472 1812 664 1902 superiores
686 1819 719 1879 et
738 1813 959 1901 potentiores.
979 1816 1015 1878 ln
1035 1834 1114 1880 urse
1129 1813 1352 1880 voracitatem
1371 1812 1546 1891 insatiabi-

225 1919 294 1985 lem
305 1923 440 2001 notant;
458 1940 499 1984 ea
516 1918 573 1985 hic
587 1940 724 2009 quoque
744 1919 780 1985 in
796 1922 889 1985 textu
909 1918 1055 1985 Danielis
1069 1918 1263 1985 declaratur
1280 1941 1288 1987 :
1307 1932 1372 1985 tres
1385 1932 1495 1985 costae
1509 1921 1542 1985 tit

213 2018 282 2091 'erc
298 2023 370 2091 eius
384 2024 472 2090 t'nter
483 2022 598 2091 dentes
611 2026 621 2113 (
630 2026 704 2094 Vct.
722 2026 812 2092 Mur.
831 2024 943 2092 Colm.
959 2032 992 2089 et
1005 2024 1237 2113 recentiores);
1253 2026 1295 2092 iis
1308 2026 1400 2091 enim
1416 2025 1545 2115 praeda

227 2130 429 2219 designatur
446 2154 550 2222 quam
572 2154 672 2199 ursus
692 2137 831 2222 ceperat
849 2139 883 2197 et
907 2131 1146 2213 devoraverat,
1162 2134 1210 2198 ita
1223 2137 1261 2198 ut
1278 2139 1346 2199 tres
1364 2138 1474 2199 costae
1489 2154 1545 2198 so-

229 2239 299 2305 lum
310 2238 464 2305 iudicent
478 2238 637 2329 rapinam
653 2244 686 2304 et
701 2238 958 2304 devorationem
970 2238 1108 2306 iaobm.
1125 2244 1313 2315 Quarenon
1324 2239 1545 2329 explicandae

228 2351 329 2412 erunt
342 2346 385 2410 de
405 2344 515 2411 tribus
535 2346 652 2431 regnis
670 2345 954 2432 Babyloniorum,
974 2344 1167 2429 Medorum,
1184 2351 1381 2426 Persarum,
1401 2368 1488 2434 quae
1508 2347 1544 2412 iu

227 2473 336 2518 unum
360 2450 500 2548 redacta
521 2452 589 2518 sint
607 2474 771 2538 regnum,
789 2452 838 2517 uti
864 2450 984 2517 volunt
1010 2454 1047 2519 S.
1074 2452 1169 2519 Hier.
1198 2451 1275 2520 Alb.
1297 2450 1405 2519 Medd.
1425 2454 1543 2520 Soreoi.

226 2559 316 2624 Mor.
344 2558 430 2646 Lep.
459 2556 547 2633 Tir.;
568 2556 690 2623 melius
711 2561 744 2623 et
768 2556 813 2623 ad
841 2557 1030 2643 imaginem
1055 2559 1264 2648 propositam
1290 2559 1547 2626 convenientius

229 2661 351 2729 Tdeed.
386 2662 534 2751 concipit
569 2662 612 2728 de
645 2662 755 2729 tribus
785 2662 879 2729 erbis
911 2664 1083 2752 partibus,
1118 2666 1293 2750 orientali,
1331 2665 1542 2755 aquilonari,

229 2767 388 2850 australi,
408 2768 535 2857 quibus
558 2791 706 2856 regnum
726 2769 922 2859 imperavit;
940 2770 1018 2836 vide
1039 2776 1118 2854 8,t;
1138 2772 1193 2838 vel
1217 2774 1329 2861 potius
1350 2773 1481 2861 explica
1502 2772 1545 2838 de

229 2874 338 2943 tribus
358 2876 484 2961 regnis,
505 2873 726 2963 babylonico,
744 2875 878 2961 lydico,
895 2878 1113 2966 aegyptiace,
1131 2900 1219 2969 quae
1240 2879 1276 2945 in
1290 2879 1455 2969 praedam
1470 2884 1546 2945 aeta

229 2986 310 3049 sunt
325 3003 346 3047 a
364 2980 471 3048 Persis
486 2980 575 3071 (Per.
594 2982 710 3049 Treclt.
725 2980 810 3051 Heb.
828 2986 863 3051 Z.
881 2982 962 3051 Keil
979 2984 1058 3073 etc.)
1076 2990 1108 3051 et
1127 2984 1172 3051 ad
1193 2984 1492 3075 depraedationem
1512 2990 1544 3051 ct

229 3086 476 3156 subiectionem
495 3087 642 3155 aliarum
662 3089 842 3156 nationum
857 3089 960 3155 etiam
975 3079 1066 3157 clare
1086 3090 1242 3161 alludunt
1258 3092 1364 3159 verba
1381 3115 1389 3158 :
1405 3091 1544 3159 comede

231 3217 350 3261 earnes
368 3195 545 3283 plurimas.
564 3195 690 3262 Eodem
710 3195 813 3262 mode
833 3202 890 3279 8,t
910 3196 1116 3264 describitur
1140 3220 1288 3285 regnum
1314 3200 1484 3269 Medorum
1511 3207 1545 3266 ei

226 3306 408 3368 Persarum
437 3301 591 3387 imagine
617 3302 732 3369 arietis
760 3303 925 3381 cornibus
949 3304 1144 3371 ventilantis
1173 3311 1292 3372 eontra
1316 3308 1540 3389 occidentem,

229 3408 440 3497 aquilonem,
466 3409 665 3490 meridiem,
694 3436 709 3470 α
741 3413 775 3475 et
798 3431 915 3475 omnes
937 3410 1066 3477 bestiae
1098 3434 1168 3477 non
1201 3417 1359 3502 poterant
1388 3415 1543 3481 resistere

228 3516 259 3581 ei
270 3537 383 3603 neque
397 3513 539 3580 liberari
555 3514 598 3581 de
610 3537 715 3581 manu
726 3517 798 3582 eius
810 3516 958 3605 lecitque
973 3518 1160 3585 secundum
1175 3520 1383 3587 voluntatem
1396 3542 1492 3589 suam
1505 3544 1540 3605 »ς

228 3622 352 3711 quibus
376 3620 484 3689 illud:
502 3621 640 3688 comede
659 3643 779 3689 carnes
802 3622 986 3713 plurimae,
1007 3622 1212 3714 explicatum
1234 3626 1294 3693 iste
1319 3634 1434 3695 autem
1456 3629 1543 3695 aries

228 3734 307 3811 8,ae
332 3751 390 3795 rex
416 3732 465 3794 est
485 3726 658 3794 Medorum
676 3733 778 3818 atque
802 3734 1001 3811 Persarum3
1019 3752 1077 3796 rex
1091 3754 1172 3799 vero
1197 3738 1229 3799 et
1248 3756 1394 3820 regnum
1417 3736 1453 3801 in
1477 3735 1542 3802 hae

225 3835 355 3901 visione
369 3834 586 3923 accipiuntur
599 3834 740 3900 notione
759 3812 993 3918 eadem3⁰vide
1008 3841 1086 3919 733
1101 3843 1134 3903 et
1147 3844 1226 3920 rat
1242 3863 1322 3906 cum
1336 3846 1429 3923 ΜΞ.
1472 3910 1475 3917 ,

256 4060 350 4109 Verba
362 4066 469 4143 nntpn
485 4065 526 4115 *tn
544 4038 633 4116 aaut&
648 4062 719 4109 verti
733 4063 851 4123 possunt
862 4076 870 4109 .·
883 4062 958 4112 latus
967 4074 1058 4113 unum
1074 4064 1118 4113 vel
1133 4068 1240 4129 partem
1254 4078 1340 4117 unam
1354 4071 1452 4129 erexit,
1467 4071 1542 4120 stare

220 4148 294 4208 iecit,
311 4149 410 4199 extulit
416 4162 423 4208 ;
439 4128 456 4203 5
471 4150 549 4199 enim
571 4148 734 4213 [requenter
747 4149 854 4199 inducit
873 4150 1014 4201 obiectum
1032 4156 1242 4215 grammaticale
1261 4157 1291 4205 in
1305 4159 1462 4220 aramaiee;
1477 4158 1542 4209 vide

221 4236 294 4297 isti.
309 4235 341 4286 ts
349 4250 357 4295 ;
371 4237 433 4298 3,18
441 4249 450 4296 ‚¹
462 4236 536 4302 aar.
550 4237 595 4287 31.
608 4237 641 4287 33
656 4236 929 4301 domitiacinse,
942 4240 1421 4297 GrammatikdesBibliseh-Aram.
1436 4261 1465 4311 p.
1481 4248 1539 4299 iet.

227 4325 289 4385 151;
305 4324 396 4375 torma
416 4329 510 4376 autem
525 4333 631 4412 simp]
650 4328 698 4378 vel
719 4328 750 4377 ut
771 4329 800 4378 in
822 4329 946 4380 editione
967 4342 985 4383 a
1003 4330 1073 4380 Beer
1088 4330 1223 4383 adornata
1246 4334 1375 4387 scribitur
1389 4344 1483 4419 ntgpn
1499 4342 1542 4389 est

223 4441 340 4505 hapham
357 4442 438 4503 proin
451 4455 566 4493 sensum
581 4443 667 4494 habet
681 4444 804 4495 activum
818 4457 911 4509 neque
926 4445 1080 4497 ullomodo
1094 4460 1166 4510 opus
1184 4452 1226 4499 est
1241 4463 1304 4501 cum
1318 4452 1460 4515 aliquibus
1474 4456 1540 4505 seri·

223 4529 289 4580 bere
312 4530 426 4593 hophal.
443 4530 514 4582 Cum
537 4532 623 4581 verba
643 4544 678 4582 eo
700 4532 784 4583 modo
798 4535 870 4584 verti
893 4536 1015 4597 possint,
1033 4537 1117 4585 etiam
1139 4537 1179 4587 ita
1202 4540 1336 4591 vertenda
1361 4543 1436 4591 sunt.
1453 4542 1540 4595 Latus

223 4632 310 4669 unum
322 4618 441 4681 erigere,
453 4618 553 4670 ciierrc
563 4620 611 4669 alii
621 4620 763 4684 explicant
775 4622 809 4672 de
819 4624 1033 4686 praeparatione
1042 4624 1078 4673 ad
1090 4638 1214 4689 pugnam
1225 4628 1269 4677 vel
1282 4628 1317 4678 ad
1328 4632 1539 4692 aggressionem

222 4709 249 4758 et
264 4708 349 4760 ictum
363 4706 538 4759 inferendum
554 4720 561 4757 τ
577 4709 712 4771 ungulam
736 4712 782 4761 vel
805 4710 905 4775 pedem
929 4712 1058 4763 attollere
1073 4714 1107 4765 ad
1127 4716 1213 4767 ictum
1235 4718 1295 4767 scil.
1313 4718 1537 4782 impingendum.
