3550 5367
784 329 860 387 nis.
884 330 957 401 aa
1465 333 1523 393 sos
1725 282 1755 297 '⁴

207 508 226 541 «
243 480 272 545 si
289 480 407 568 itaque
426 479 550 569 persici
564 479 665 564 regni
679 477 778 544 discit
799 478 1032 557 eversionem,
1051 478 1294 546 convenienter
1307 481 1341 546 in
1362 480 1421 547 illa
1440 482 1523 549 urbe
1762 482 1763 521 i

204 585 273 654 sibi
296 585 433 653 videtur
447 586 616 674 inspicere
632 584 877 651 revelationem
894 603 929 663 »ς
951 582 1010 650 alii
1032 590 1147 650 tamen
1167 586 1216 651 nil
1232 586 1367 652 obstare
1386 594 1524 653 censent

205 693 394 781 quominus
406 692 541 764 dicatur
560 691 677 758 Daniel
692 712 813 757 revera
833 691 926 756 Susis
946 690 1048 756 luisse
1069 691 1159 780 (Per.
1183 692 1280 759 noui.
1304 664 1483 783 Braneuqo
1498 696 1522 762 l.
1553 766 1555 771 ,

206 822 241 865 c.
261 822 297 888 p.
313 805 394 880 t38;
415 798 575 886 Comely,
590 795 717 863 lutrod.
734 800 763 862 ll
778 802 798 862 2
814 819 849 886 p.
866 796 975 884 'teat
992 801 1076 864 Cum
1096 799 1191 887 prior
1203 801 1369 865 sententia
1383 805 1432 866 sal
1447 823 1525 889 pro-

205 904 334 971 babilis
354 907 413 986 sit,
438 894 638 994 responsum
656 909 706 969 est
724 902 769 969 ad
787 902 823 968 id
847 902 939 991 quod
958 902 1065 993 aliqui
1080 913 1273 986 moverunt,
1290 905 1374 972 salso
1393 906 1523 974 adscri—
1562 906 1563 909 ’

206 1011 295 1077 bere'
307 1010 478 1077 Danielem
494 1010 615 1077 urbem
630 1030 707 1075 eam
728 1008 850 1075 ditioni
869 1015 903 1075 et
918 1009 1065 1097 imperio
1081 1009 1345 1101 Chaldaeorum,
1366 1034 1446 1079 cunr
1460 1018 1525 1079 Ae·

206 1118 278 1182 lam
302 1121 456 1207 tempore
475 1114 643 1182 Nabonidi
666 1114 711 1180 ad
733 1136 880 1200 regnum
901 1115 1105 1205 pertinuerit
1127 1116 1310 1183 Medorum.
1337 1118 1390 1184 rid
1412 1122 1524 1185 utram
1629 1146 1651 1173 υ

206 1224 414 1311 pertinuerit
433 1222 716 1301 dominationem,
741 1227 833 1287 certo
854 1220 922 1286 dici
943 1222 1076 1309 nequit;
1099 1227 1249 1288 ceterum
1270 1223 1440 1313 quidquid
1458 1230 1524 1291 sta-

210 1328 380 1395 tuendum
392 1328 473 1408 erit,
494 1349 619 1417 parurn
632 1328 785 1393 interest.
801 1328 880 1402 Quis
893 1327 986 1393 enim
1006 1324 1209 1393 contendere
1225 1330 1350 1417 poterit
1364 1330 1440 1396 fieri
1455 1353 1525 1397 non

206 1436 374 1523 potuisse,
388 1441 428 1499 ut
441 1434 557 1499 Daniel
572 1455 606 1499 se
627 1432 664 1498 in
679 1433 801 1499 urbem
823 1455 900 1499 eam
915 1433 1106 1499 conferret?
1121 1433 1252 1499 Bellum
1267 1435 1459 1502 intercessit
1472 1438 1525 1503 in-

207 1548 261 1606 ter
279 1539 495 1606 Nahonidum
514 1544 547 1606 et
563 1539 690 1619 iledos;
713 1538 798 1627 quid
820 1540 847 1605 si
867 1538 984 1605 Daniel
1004 1546 1181 1628 tamquam
1205 1539 1338 1627 legatus
1362 1545 1454 1629 regis
1482 1544 1527 1609 ad

207 1646 361 1735 aliquem
376 1645 498 1711 ducem
513 1644 687 1711 Medorum
700 1646 823 1711 missus
834 1646 898 1710 sit?
910 1645 999 1712 Olim
1015 1668 1151 1735 quoque
1167 1647 1336 1713 Bertlreou
1352 1649 1527 1717 contendit

208 1774 410 1819 camarcem
424 1774 465 1819 eo
477 1758 630 1840 tempore
644 1751 797 1817 nondum
813 1752 989 1818 exstitisse.
1006 1751 1071 1817 Sed
1085 1775 1124 1819 ex
1134 1752 1414 1843 inscriptionibus
1426 1760 1527 1821 risur-
1545 1742 1556 1764 ⁶

209 1858 352 1947 bauipal
366 1859 443 1947 (660
458 1881 490 1925 a.
510 1859 584 1945 Cb.)
604 1856 767 1923 discimus
779 1855 898 1923 aelam
913 1858 1093 1945 regionem
1109 1860 1153 1924 ab
1166 1860 1239 1947 ipso
1251 1881 1321 1927 esse
1336 1860 1526 1929 subiectam

210 1965 402 2053 urbemque
428 1963 658 2053 principalem
684 1964 786 2051 regni
809 1962 995 2030 aelamitici
1010 1970 1241 2053 expugnatam
1261 1964 1317 2055 (cl.
1340 1966 1525 2050 Schrader,
1606 2022 1607 2031 .
1660 2018 1674 2043 ,

209 2070 484 2139 licilinschrilteu
510 2093 544 2137 u.
571 2074 610 2137 n.
636 2073 672 2138 T.
696 2069 741 2136 ad
764 2072 845 2137 Gen.
871 2068 984 2157 ital),
1010 2070 1091 2135 urbs
1114 2092 1154 2136 ec
1175 2071 1374 2137 nominatur
1399 2078 1524 2154 susan,

209 2171 428 2243 Scbuscha'an
448 2180 519 2241 mat
542 2175 652 2241 llamti
666 2174 691 2242 i.
714 2197 746 2243 e.
764 2179 849 2241 Susa
863 2180 976 2242 terrae
995 2176 1124 2243 belam.
1145 2180 1180 2243 ln
1197 2177 1281 2243 urbe
1297 2183 1411 2245 autern
1430 2180 1527 2264 regia

210 2284 315 2349 etiam
330 2304 446 2348 arcem
462 2283 624 2348 exstitisse
644 2280 776 2367 regiam
795 2286 900 2371 patet.
919 2281 983 2347 alii
998 2281 1207 2348 contendunt
1227 2283 1365 2349 Darium
1386 2284 1526 2380 denrqm

211 2410 326 2455 arcem
341 2388 554 2466 aedificasse,
572 2409 650 2453 eum
666 2387 862 2455 aedificasse
880 2394 1016 2490 certum
1042 2394 1105 2467 est;
1125 2394 1160 2457 at
1180 2388 1261 2455 inde
1274 2411 1352 2471 non
1374 2392 1529 2479 sequitur

209 2500 290 2562 ante
315 2496 388 2561 eius
410 2500 544 2583 tempus
560 2493 682 2559 urbem
702 2493 848 2560 caruisse
869 2516 959 2560 arce.
982 2498 1065 2560 Cum
1088 2494 1170 2564 urbs
1186 2496 1222 2560 in
1238 2496 1354 2561 riclam
1374 2498 1438 2562 sita
1457 2519 1527 2563 esse

210 2601 358 2680 dicatur,
382 2605 517 2690 tempus
540 2599 739 2665 declaratur
762 2605 841 2665 ante
868 2620 1015 2685 regnum
1045 2605 1237 2673 Persarum.
1259 2605 1343 2668 Nam
1372 2609 1528 2692 tempore

211 2707 312 2793 regni
327 2710 508 2773 Persarum
525 2704 607 2771 urbs
622 2705 788 2771 attributa
807 2711 881 2771 erat
900 2706 1063 2773 Susianae
1084 2707 1293 2795 provinciae.
1309 2704 1381 2775 Ulai
1405 2708 1528 2775 ssuvius

211 2815 314 2880 etiam
336 2812 374 2879 in
399 2812 680 2901 inscriptionibus
705 2814 783 2894 (nar
808 2811 914 2899 Ulaai)
938 2833 1045 2901 prope
1071 2812 1194 2879 urbem
1216 2816 1299 2879 situs
1321 2813 1528 2883 describitur

210 2918 393 3006 (Schrader
406 2919 430 2987 l.
454 2941 485 2985 c.
508 2917 551 2984 ad
570 2923 652 2984 Dan.
670 2918 763 3007 8‚a);
787 2917 895 3006 aliqui
912 2917 1043 2984 llercha
1061 2918 1190 2983 ssumen
1212 2920 1451 3007 (Choaspen‘l),
1470 2920 1529 2986 alii

209 3031 325 3101 ltaruu
340 3047 381 3092 eo
394 3024 568 3111 designari
586 3024 723 3089 nomine
744 3024 945 3113 opinantur;
970 3024 1113 3091 Eulaeus
1136 3024 1259 3091 lluvius
1280 3047 1383 3115 quem
1398 3030 1528 3091 veteres

210 3136 482 3200 commemorant
496 3129 588 3196 idem
603 3151 674 3197 esse
687 3129 901 3218 perhibetur.

246 3324 334 3373 Notat
347 3324 376 3371 S.
391 3322 468 3371 Hier.
484 3333 491 3370 :
508 3336 519 3368 ι
536 3321 638 3384 Aquila
650 3318 794 3370 transtulit
808 3332 893 3381 super
906 3318 972 3368 ubal
985 3318 1065 3380 Ulai,
1082 3318 1236 3370 Theodotio
1249 3334 1333 3384 super
1347 3320 1434 3381 Ubal,
1450 3320 1527 3385 Sym-

211 3412 329 3462 machus
344 3422 430 3473 super
447 3408 578 3474 paludem
597 3408 677 3469 Ulai,
699 3407 885 3471 Septuaginta
905 3420 990 3471 super
1006 3410 1114 3472 portani
1136 3408 1200 3459 Ulai
1221 3424 1234 3457 s
1258 3407 1286 3477 (i.
1307 3422 1332 3461 e.
1353 3405 1454 3477 αἰλάμ).
1472 3410 1527 3461 Sed

210 3482 284 3583 53³⁸
303 3499 446 3563 designari
463 3498 580 3549 fluvium
593 3497 661 3547 lter.
678 3496 764 3547 calm.
779 3498 808 3547 et
820 3498 991 3547 recentiores
1012 3496 1113 3549 docent
1127 3500 1155 3548 et
1172 3510 1235 3549 curn
1252 3498 1304 3549 nar
1318 3498 1384 3551 Ulai
1400 3501 1484 3551 etiarn
1498 3502 1527 3550 tn

211 3615 442 3679 inscriptionibus
454 3615 572 3677 legatur,
590 3614 710 3663 dubitari
722 3613 829 3677 nequit.

257 3786 323 3846 Cur
339 3780 431 3846 Susis
446 3800 485 3845 ea
500 3779 585 3845 visio
601 3778 792 3867 prophetae
807 3778 850 3844 sii
864 3777 994 3861 oblata,
1014 3780 1041 3843 T
1038 3777 1136 3845 deod.
1154 3782 1231 3845 Per.
1249 3779 1419 3861 indicant;
1440 3780 1527 3845 sole-

212 3887 298 3953 bant
323 3888 416 3952 enim
439 3907 540 3972 reges
573 3890 752 3951 Persarum
778 3890 913 3973 partem
947 3885 1029 3950 anni
1062 3885 1277 3971 frigidiorem
1307 3884 1355 3952 ibi
1384 3886 1524 3971 degere;

211 3994 249 4059 in
267 4014 346 4059 arce
367 3993 466 4079 regia
486 3991 595 4057 multo
619 3990 800 4079 splendore
820 3995 986 4056 exornata
1004 3991 1143 4057 maximi
1169 3991 1430 4059 asservabantur
1453 3990 1527 4057 tbe-

211 4100 343 4178 sauri¹;
359 4098 410 4164 ibi
433 4119 570 4189 quoque
592 4119 713 4183 regum
735 4103 957 4163 monumenta
981 4096 1179 4163 visebantur
1193 4096 1326 4187 (Herod.
1349 4104 1446 4181 5,t9;
1464 4102 1526 4165 Ar-

243 4378 266 4421 1.
282 4357 377 4423 scribit
393 4372 499 4422 Curtius
511 4371 543 4421 dc
557 4372 672 4435 ingressu
683 4368 822 4420 Alexandri
832 4367 858 4417 in
872 4367 963 4418 urbem
978 4369 1019 4432 (V,
1035 4376 1057 4419 2.
1076 4370 1100 4431 8)
1117 4386 1122 4418 :
1143 4370 1197 4419 aut
1208 4382 1269 4418 vero
1283 4368 1372 4419 urbem
1386 4371 1469 4433 (Susa)
1484 4370 1526 4420 in-

210 4453 303 4512 trarit,
319 4450 495 4502 incredibilem
514 4465 545 4501 ex
561 4451 690 4501 thesauris
705 4464 831 4500 summam
851 4448 973 4512 pecuniae
989 4447 1093 4511 egessit3
1110 4448 1298 4514 quinquaginta
1316 4450 1386 4499 milia
1403 4449 1527 4499 talentum

210 4533 311 4596 argenti
326 4546 378 4581 nou
390 4532 484 4595 signati
495 4531 592 4591 torma,
603 4530 649 4581 sed
660 4529 719 4579 rudi
733 4528 853 4593 pondere.
867 4527 944 4578 llulti
960 4541 1031 4591 reges
1048 4531 1135 4578 tantas
1145 4542 1207 4593 opes
1221 4527 1297 4593 longa
1310 4532 1394 4580 aetate
1410 4529 1525 4579 curnula-

211 4616 304 4663 rerant
314 4610 404 4662 liberis
415 4610 583 4676 posterisque,
594 4615 624 4661 ut
636 4609 840 4667 arbitrabantur,
851 4622 916 4672 quus
929 4622 980 4657 uua
990 4608 1055 4659 bora
1065 4608 1094 4658 in
1102 4608 1201 4659 externi
1214 4609 1280 4672 regis
1291 4623 1387 4660 manus
1401 4608 1490 4659 intulit
1503 4628 1525 4659 r.

210 4698 297 4757 atique
309 4706 355 4741 cur
366 4692 415 4742 ista
432 4692 530 4743 visione
545 4693 573 4741 iu
587 4705 643 4741 eam
660 4690 749 4741 urbem
765 4689 856 4739 Daniel
874 4689 910 4738 sit
929 4688 1071 4739 translatus
1086 4689 1190 4753 spiritu,
1203 4694 1293 4741 Surrct.
1307 4689 1419 4740 declarat
1433 4707 1439 4741 :
1454 4706 1466 4735 a
1483 4688 1527 4737 illa

210 4772 308 4824 etenim
323 4771 415 4825 civitas
428 4777 506 4837 caput
521 4776 577 4823 crat
593 4776 619 4823 ct
638 4770 721 4837 prima
738 4769 810 4821 sedes
828 4768 898 4819 illius
912 4768 1025 4834 imperii,
1040 4772 1070 4821 ut
1083 4768 1157 4823 docet
1177 4770 1202 4821 in
1223 4770 1280 4835 ipso
1301 4772 1388 4821 statim
1403 4766 1527 4833 principio

770 4861 876 4909 Dsnrsn.
893 4884 923 4897 -·
942 4862 977 4910 14.
