3550 5367
535 332 643 388 1:st
1642 338 1802 396 ΒΑΜ
1846 339 1905 406 3,
1952 338 2031 397 98

523 480 1068 572 lybanum-opiam
1102 490 1298 553 vocat
1342 485 1560 553 Calm.
1609 487 1681 553 in
1719 486 2190 553 dissertatione
2228 485 2312 552 de
2352 487 2884 577 metamorphosi
2920 489 3149 556 Nabu-

523 588 1003 656 fsslinclonnsoris
1044 599 1111 657 et
1153 591 1387 659 eodem
1437 595 1715 660 nomine
1749 593 2158 659 recentiores
2204 614 2351 659 rem
2390 592 2755 679 designare
2784 594 3004 661 solent
3045 597 3154 663 vel

523 716 671 756 eam
711 697 1089 776 generatim
1126 698 1463 766 insaniam
1503 699 2067 789 zoanthropicam
2114 698 2486 789 appellant.
2532 699 2872 778 Quamdiu
2920 725 3037 769 rex
3075 703 3150 769 in

523 824 595 864 ea
633 800 879 868 ment-iffi
903 803 1336 892 perturbatae
1365 806 1755 874 conditione
1779 807 2017 887 fuerit,
2050 804 2321 872 definiri
2351 806 2591 895 nequit
2612 860 2627 890 ,
2654 829 2813 874 cum
2833 830 2971 874 non
2996 830 3155 876 con-

523 912 647 972 sia-:t
687 908 1027 996 qufflnodo
1074 924 1326 1000 septem
1372 925 1679 1002 tempora
1730 919 1888 996 439
1932 914 2066 978 sint
2105 910 2537 1001 explicanda.
2581 918 2753 980 Dum
2793 936 2873 980 eo
2910 916 3153 982 morbo

523 1008 911 1096 laboral-ma
944 1016 1018 1081 in
1049 1017 1267 1084 hortis
1297 1025 1363 1085 et
1392 1020 1578 1086 silvis
1618 1020 1750 1086 illis
1781 1019 2132 1085 oberrasse
2159 1040 2314 1085 eum
2346 1018 2761 1085 censendum
2809 1021 2940 1086 erit
2977 1044 3154 1110 quae

523 1120 847 1208 palatium
879 1123 1142 1209 regium
1170 1125 1710 1194 circumdabant.
1746 1127 1903 1192 Eius
1932 1130 2161 1192 autem
2192 1126 2530 1193 insaniam
2562 1147 2697 1193 non
2735 1128 3013 1194 omnino
3037 1151 3156 1218 po-

527 1228 759 1316 pulum
795 1228 1238 1316 babylonium
1278 1231 1491 1299 latere
1521 1234 1816 1323 potuisse
1839 1285 1854 1315 ‚
1890 1233 2297 1323 praesertim
2325 1233 2382 1298 si
2420 1254 2545 1331 per
2578 1232 2857 1320 longius
2884 1238 3157 1324 tempus

527 1332 1076 1420 protrahebatur,
1111 1338 1324 1405 ·facile
1357 1339 1792 1426 intelligitur.
1852 1339 1921 1405 Si
1975 1345 2204 1406 autem
2245 1333 2326 1404 ea
2372 1336 2459 1404 de
2505 1361 2580 1404 re
2622 1361 2935 1406 rumores
2981 1341 3153 1407 varii

523 1440 739 1528 sparsi
791 1450 1011 1521 erant,
1058 1466 1333 1533 prorsus
1358 1446 1763 1528 ‘consultum
1815 1451 1967 1513 erat
2009 1450 2085 1513 ut
2128 1468 2243 1512 rex
2286 1444 2557 1512 sanitati
2614 1447 2961 1513 restitutus
3008 1469 3152 1513 rem

527 1552 727 1632 pruni
775 1556 923 1612 erni
966 1551 1226 1639 populo
1266 1559 1709 1642 proponeret3
1756 1553 1826 1619 id
1865 1536 2049 1642 quod
2092 1574 2172 1618 eo
2220 1550 2491 1618 facilius
2527 1550 2678 1617 fieri
2722 1554 2944 1641 potuit
2990 1553 3150 1643 quia

531 1652 803 1720 rum-hus
843 1656 984 1721 eius
1013 1655 1340 1726 divinitus
1361 1658 1881 1749 praenuntiatus
1901 1665 1968 1725 et
1998 1659 2228 1724 divino
2252 1657 2588 1724 beneficio
2609 1659 2857 1725 iterum
2887 1659 3159 1731 ablatus

527 1764 703 1840 eram
755 1760 931 1824 unde
960 1763 1109 1848 regi
1141 1786 1280 1829 non
1312 1770 1451 1831 tam
1493 1765 1810 1831 dedecori
1838 1764 1957 1830 sed
1996 1765 2223 1855 potius
2251 1765 2498 1830 honori
2536 1762 2780 1831 cedere
2819 1764 3001 1854 apud
3032 1788 3157 1855 po-

527 1864 764 1952 pulum
799 1868 1021 1934 videri
1049 1875 1340 1957 poterat.

619 1972 891 2036 Publica
931 1974 1145 2059 igitur
1172 1976 1356 2062 regis
1379 1977 1650 2044 decreto
1676 1982 1955 2043 eventus
1982 1978 2097 2043 ille
2126 1976 2597 2059 annuntiatur,
2633 1976 2819 2065 quod
2858 1977 3153 2044 edictum

531 2076 596 2140 in
631 2076 803 2144 libro
833 2080 1116 2148 Danielis
1146 2082 1449 2150 hocloco
1479 2085 1795 2151 refertur.
1838 2089 1911 2150 ln
1949 2090 2144 2174 parte
2174 2085 2401 2173 priore
2428 2089 2786 2167 3,98-!‡,15
2827 2088 2895 2150 et
2921 2083 2994 2149 in
3024 2084 3159 2150 fine

531 2188 811 2252 fam-32
847 2188 985 2272 ipse
1013 2210 1126 2254 rex
1156 2188 1490 2278 loquitur;
1522 2213 1734 2286 quare
1766 2192 1890 2257 has
1914 2197 2143 2279 partes
2171 2191 2395 2279 ipsum
2426 2189 2601 2256 illud
2635 2189 2939 2257 edictum
2963 2190 3165 2257 nobis

531 2292 847 2356 exhibere
871 2315 1003 2359 uon
1028 2300 1127 2360 est
1142 2316 1264 2361 cur
1279 2297 1352 2362 in
1373 2296 1661 2363 dubium
1685 2302 1987 2363 vocetur.
2012 2294 2139 2363 Sed
2158 2296 2398 2385 quaeri
2419 2300 2639 2385 potest
2658 2319 2823 2362 num
2842 2297 2916 2362 in
2933 2296 3157 2362 media

531 2420 807 2484 [pioque
839 2404 1030 2488 parte
1070 2402 1282 2490 ipsius
1320 2402 1522 2469 edicti
1564 2403 1772 2469 verba
1813 2404 2223 2469 referantur.
2252 2402 2492 2469 Subito
2518 2403 2701 2468 enim
2733 2426 2774 2469 a
2803 2426 2868 2469 v.
2904 2408 2984 2468 16
3014 2425 3151 2492 seq.

531 2504 703 2568 :ilius
731 2512 1011 2592 apparet
1034 2506 1307 2574 dicendi
1339 2508 1609 2587 modus3
1644 2510 1785 2575 iam
1821 2531 1958 2575 non
1990 2509 2132 2598 ipsc
2161 2531 2278 2574 rex
2319 2508 2606 2598 loquens
2633 2508 3006 2587 inducitur,
3042 2508 3158 2575 sed

535 2608 615 2672 de
647 2632 723 2672 aa
755 2615 1063 2695 vesortur,
1097 2614 1194 2679 uti
1224 2615 1299 2680 in
1329 2616 1720 2681 narratione
1745 2615 1914 2681 solet
1948 2636 1962 2683 :
2001 2637 2119 2680 rex
2150 2614 2326 2683 ait...
2363 2617 2597 2682 onmia
2623 2615 2792 2682 haec
2828 2620 3159 2681 venerunt

531 2736 739 2804 anper
768 2739 1083 2800 reg-mi...
1117 2719 1187 2785 in
1227 2721 1389 2787 aula
1425 2722 1787 2808 Babylonis
1810 2721 2300 2788 deambulabat
2331 2728 2458 2789 etc.
2493 2727 2709 2799 Quare
2729 2744 2865 2788 non
2891 2720 3166 2788 videtur

535 2824 989 2908 impu-ubaliile
1029 2826 1326 2895 mediam
1367 2829 1556 2894 illam
1584 2834 1850 2918 partem
1881 2828 2077 2894 nobis
2106 2850 2241 2905 non
2273 2829 2486 2917 ipsius
2516 2828 2716 2895 edicti
2752 2828 2981 2895 verbis
3008 2851 3163 2918 pro-

535 2932 727 3016 poni.
759 2952 993 2997 verum
1022 2934 1371 3001 Danielem
1393 2934 1464 3001 id
1483 2937 1622 3001 suis
1644 2935 1870 3001 verbis
1888 2935 2105 3001 fusius
2125 2936 2647 3024 accuratiusque
2669 2957 2950 3002 narrare
2976 2935 3161 3025 quod

535 3036 707 3100 forto
739 3040 807 3100 in
843 3040 982 3128 ipso
1012 3037 1283 3108 decreto
1326 3043 1541 3108 solum
1572 3043 1809 3133 paucis
1847 3048 1913 3108 et
1945 3042 2231 3107 strictim
2255 3042 2674 3108 innuebatur
2703 3043 2925 3129 magis
2954 3063 3162 3130 quam

539 3140 988 3212 indicabatur.
1022 3148 1192 3215 Satis
1221 3149 1403 3214 enim
1424 3149 1786 3239 probabile
1814 3148 2086 3215 videtur
2113 3170 2351 3235 regem
2387 3148 2472 3215 de
2497 3149 2647 3238 ipso
2675 3149 2914 3214 morbo
2945 3169 3162 3238 pauca
3233 3241 3241 3251 ι

537 3248 755 3316 salutii
807 3252 1034 3319 fecisse
1092 3255 1304 3322 verba
1348 3278 1475 3322 nec
1526 3261 1673 3322 tam·
1723 3255 2033 3346 explicite
2076 3255 2454 3322 belluinam
2505 3254 2780 3322 vivendi
2827 3256 3160 3321 rationem

539 3356 966 3445 deam-ipsisse
996 3382 1120 3427 nec
1144 3369 1377 3451 aperte
1407 3363 1750 3429 monuisse
1775 3384 1817 3429 a
1847 3383 1916 3428 se
1942 3362 2333 3449 neglectum
2362 3383 2501 3427 esse
2532 3361 2719 3449 quod
2751 3361 2987 3427 Daniel
3006 3383 3160 3426 sua-

535 3464 723 3528 sisset
767 3464 848 3528 ad
887 3467 1397 3553 castigationem
1425 3468 1729 3535 divinam
1761 3491 1802 3534 a
1832 3491 1901 3534 se
1935 3467 2404 3534 avertendam.
2442 3472 2624 3544 Quae
2663 3469 2894 3533 omnia
2928 3466 3163 3533 Daniel

539 3572 931 3636 narratione
956 3594 1074 3638 sua
1108 3573 1496 3663 complevit.
1533 3579 1681 3664 Ipso
1711 3579 1940 3640 autem
1970 3574 2235 3640 diverso
2260 3572 2604 3639 scribendi
2642 3573 2841 3639 modo
2868 3574 2941 3638 in
2978 3595 3044 3638 v,
3080 3579 3161 3638 16

539 3688 599 3744 et,
643 3676 958 3768 deinc-ops
1009 3681 1166 3746 satis
1205 3680 1464 3748 indicat
1492 3683 1724 3748 Daniel
1760 3703 1803 3747 a
1831 3704 1900 3746 se
1936 3679 2077 3746 iam
2120 3702 2257 3746 non
2298 3679 2512 3747 verba
2554 3681 2740 3767 regis
2782 3680 3047 3746 referri.
3091 3679 3164 3745 ld

539 3784 707 3848 mibi
739 3784 974 3852 saltem
1000 3786 1355 3875 probabile
1380 3787 1673 3854 videtur.
1697 3788 1825 3854 Alii
1855 3792 2085 3853 tamen
2118 3787 2353 3853 omnia
2374 3787 2535 3876 ipsis
2565 3786 2769 3853 edicti
2793 3786 3020 3855 verbis
3050 3785 3169 3851 de-

535 3892 739 3956 arrilii
779 3892 1188 3975 existimant3
1226 3900 1293 3959 at
1322 3894 1577 3960 nullibi
1607 3894 1913 3983 reperire
1944 3894 2135 3983 potui
2167 3893 2509 3982 quomodo
2537 3897 2835 3960 mutatus
2869 3892 2983 3959 ille
3008 3914 3164 3957 nar-

539 4000 739 4064 randi
795 3999 1032 4066 modus
1087 4000 1440 4067 commode
1504 4001 1987 4089 explicaretur.
2041 4005 2208 4066 Nam
2270 4000 2456 4090 quod
2506 3999 2857 4089 aliquibus
2906 3999 3167 4088 placuit

539 4107 863 4192 [affl-*snm
883 4160 903 4188 ἢ,
931 4105 1155 4196 Hohl.)
1186 4128 1421 4194 regem
1453 4108 1658 4173 tertia
1687 4108 1877 4196 loqui
1907 4129 2195 4197 persona
2224 4105 2306 4172 de
2336 4129 2406 4172 se
2445 4107 2608 4195 quia
2632 4107 2701 4170 in
2733 4104 3033 4171 amentia
3061 4103 3164 4170 sui

539 4236 671 4276 nun
695 4235 970 4300 cenipns
996 4234 1122 4279 nec
1145 4213 1276 4280 sibi
1306 4213 1614 4280 conscius
1647 4213 1915 4296 suisset,
1943 4214 2163 4299 magis
2191 4211 2442 4279 subtile
2466 4218 2565 4279 est
2592 4234 2813 4302 neque
2848 4211 2936 4279 ad
2968 4235 3033 4276 ν.
3084 4218 3168 4279 16

535 4320 799 4408 applirn
811 4321 863 4384 ri
895 4326 1134 4408 potest.
1161 4325 1379 4398 Quare
1405 4342 1538 4387 non
1567 4319 2175 4408 reprehendendus
2207 4319 2475 4385 videtur
2493 4322 2906 4385 Lenormant
2948 4319 3066 4407 qui
3094 4339 3159 4383 v,

543 4432 739 4492 15-3211
755 4428 1065 4516 scriptori
1083 4428 1331 4495 Iudaeo
1351 4426 1685 4508 attribuit,
1712 4427 1920 4506 Lech,
1951 4427 2343 4516 Vz'qonroux
2357 4427 2595 4491 saltem
2611 4448 2677 4493 v,
2699 4432 2911 4493 25-30
2929 4447 3166 4490 narra-

535 4536 663 4596 mri
695 4532 1119 4612 adscribunn
1155 4535 1322 4602 Heb.
1358 4541 1584 4601 autem
1616 4533 1972 4623 probabile
2004 4533 2340 4599 existimat
2371 4554 2605 4618 regem
2639 4529 2960 4621 superbia
2997 4531 3166 4596 insi-

535 4664 739 4724 gnem
767 4640 831 4704 in
863 4640 988 4706 hac
1008 4641 1155 4729 ipsa
1173 4642 1496 4731 epistolae
1516 4646 1710 4731 parte
1732 4664 1797 4705 v,
1826 4645 2030 4706 16-30
2052 4638 2138 4704 de
2168 4661 2291 4704 suo
2312 4639 2551 4704 morbo
2572 4637 2915 4727 quaedam
2937 4637 3165 4703 minus

535 4748 787 4812 sincere
823 4756 937 4812 aut
967 4747 1206 4814 saltem
1234 4748 1508 4813 brevius
1536 4746 1877 4827 retulisse,
1909 4752 2258 4812 auctorem
2287 4768 2450 4812 vero
2479 4745 2636 4811 libri
2670 4766 2750 4810 ne
2780 4745 2930 4810 falsi
2963 4742 3164 4833 quid-
