3550 5367
779 315 857 373 DAN.
883 315 931 382 ll,
956 313 1048 372 16-17
1515 311 1572 369 29²1

244 463 433 530 dissimiles
461 469 569 530 essent
598 465 679 530 navi
704 465 739 529 in
761 468 961 552 tempestate
983 462 1146 528 fluctibus
1172 461 1344 550 utrimque
1367 466 1517 540 vexatae,
1535 466 1573 525 ut

245 571 315 660 qui
334 571 371 636 in
389 568 503 636 medio
520 571 686 652 iacerent,
703 569 785 636 dum
806 575 839 636 et
856 569 1026 636 Antiocho
1049 590 1103 634 res
1120 589 1283 657 prospere
1298 567 1457 633 cederent
1480 571 1513 631 et
1537 567 1572 632 in

244 677 439 743 contrarias
453 681 568 765 partes
581 681 797 744 mutarentur
814 704 843 743 ».
860 675 956 742 Adde
971 674 1063 766 quod
1076 680 1171 740 vates
1184 694 1248 763 per
1262 673 1468 739 Antiochum
1482 672 1572 738 viam

245 783 380 874 aperiri
395 782 586 849 considerat
599 783 675 868 regi
687 785 916 874 persecutori3
934 804 993 849 rex
1008 781 1177 870 aquilonis
1189 785 1355 865 magnam
1368 779 1462 845 illam
1483 781 1573 846 intu-

249 891 295 956 lit
320 889 447 979 populo
472 889 532 955 oei
554 888 823 979 persecutionem
841 894 875 955 et
897 888 1169 977 corruptionem,
1196 886 1239 953 de
1266 907 1336 974 qua
1363 885 1462 951 nohis
1490 885 1571 951 libri

247 994 534 1064 blachabaeorum
549 995 711 1062 referunt.
730 994 875 1062 Proinde
890 1017 985 1062 more
995 994 1196 1084 prophetico
1211 1017 1232 1060 a
1243 995 1358 1084 primo
1373 992 1471 1058 initio
1489 992 1572 1058 naali

247 1102 366 1168 statim
387 1121 497 1167 sermo
520 1100 742 1192 progreditur
760 1101 805 1168 ad
833 1102 905 1167 eius
930 1101 1066 1167 culmen
1094 1105 1129 1166 et
1152 1100 1345 1186 fastigium.
1368 1099 1498 1165 Dicitur
1514 1087 1554 1162 nh

1545 1176 1569 1196 Ν

250 1225 382 1314 ubique
403 1225 445 1291 de
469 1225 618 1314 pernicie
644 1231 678 1292 et
698 1225 855 1308 interitu;
873 1247 980 1315 quare
1003 1247 1101 1290 sensu
1125 1223 1216 1290 hono
1234 1245 1310 1290 :res
1330 1223 1366 1288 in
1382 1243 1486 1289 mauu
1506 1223 1578 1288 eius

250 1331 485 1421 perficientur,
503 1331 645 1398 consilia
662 1353 723 1397 sua
746 1330 789 1397 ad
816 1332 945 1398 exitum
961 1330 1126 1420 perducet
1140 1331 1196 1419 (ct.
1212 1333 1288 1397 Per.
1311 1332 1427 1397 Sonat.
1448 1329 1574 1417 Calm.)

251 1459 319 1503 vox
341 1438 450 1526 accipi
472 1439 608 1526 nequit;
634 1439 677 1504 cf.
706 1443 768 1503 ter.
797 1435 893 1519 t,27';
915 1445 1007 1517 5,1o.
1038 1443 1090 1504 18.
1114 1441 1227 1528 Neque
1250 1442 1360 1527 potest
1383 1435 1504 1502 reterri
1529 1434 1574 1501 ad

251 1547 447 1634 Aegyptum
464 1543 597 1632 (Hele),
612 1544 695 1633 quia
709 1545 881 1611 mentione
896 1543 986 1611 facta
1003 1543 1214 1610 Palaestinae
1234 1542 1316 1633 quid
1338 1543 1388 1608 ibi
1402 1542 1520 1607 fecerit
1534 1548 1570 1605 ul

251 1654 441 1738 exponatur
461 1649 585 1716 merito
615 1653 775 1739 consequi
799 1650 935 1716 dicitur.
960 1649 1047 1728 Quid
1071 1655 1191 1716 autem
1209 1649 1252 1716 de
1272 1653 1427 1738 Aegypto
1442 1645 1572 1713 consilii

253 1755 411 1836 volverit,
431 1755 467 1820 in
481 1756 637 1843 sequenti
651 1755 860 1823 declaratur.

297 1860 333 1926 ld
349 1866 428 1948 aget
440 1866 477 1927 ut
492 1866 685 1950 Aegyptum
701 1862 756 1928 vel
769 1863 802 1928 vi
817 1861 872 1930 vel
883 1863 1022 1929 foedere
1036 1863 1103 1930 sibi
1117 1863 1275 1931 subiiciat
1287 1885 1294 1944 ;
1307 1861 1366 1927 sed
1381 1864 1567 1941 incassum;

251 1989 285 2034 v.
307 1974 345 2034 17
368 1995 384 2029 a
402 1980 436 2034 et
446 1981 556 2057 portet
571 1968 698 2056 sociem
718 1991 815 2035 suom
842 1982 881 2035 ut
899 1971 1015 2037 neniae
1029 1970 1079 2036 ad
1101 1968 1285 2036 tenendum
1304 1967 1501 2034 universam
1520 1989 1573 2031 re-

250 2096 357 2162 ynum
372 2077 443 2140 eius
459 2087 492 2141 et
507 2087 599 2140 reeta
608 2075 715 2163 saciet
730 2098 806 2141 eum
821 2098 858 2141 eo
877 2075 1032 2164 etfiliam
1044 2074 1261 2163 sentinarum
1276 2074 1372 2141 dabit
1385 2075 1465 2140 aiut
1478 2096 1572 2140 coer·-

253 2190 304 2246 tot
321 2181 423 2261 illud,
447 2194 481 2247 et
498 2203 567 2248 noa
588 2180 690 2248 stabit
711 2203 773 2247 nee
794 2180 887 2249 illias
908 2182 972 2248 eric
988 2209 1004 2243 »
1015 2202 1029 2266 ;
1043 2221 1088 2232 —
1106 2181 1201 2272 prius
1223 2181 1419 2247 membrum
1438 2184 1573 2245 vertunt

249 2308 332 2352 cum
349 2287 578 2354 theodotione
596 2309 604 2356 :
625 2300 664 2354 at
684 2289 798 2354 veniat
821 2311 898 2356 eam
915 2290 1074 2380 potentia
1096 2288 1198 2355 totitas
1220 2287 1393 2378 requisiti
1410 2287 1466 2376 (el.
1497 2286 1570 2352 Vct.

254 2393 371 2460 Troel.
391 2393 482 2459 Hits.
500 2395 535 2459 Z.
552 2393 657 2483 Keil),
675 2394 720 2462 ad
741 2395 997 2484 quodmonent
1015 2383 1219 2463 Antiochum
1240 2395 1399 2461 victorias
1420 2396 1455 2458 in
1475 2391 1573 2458 Coele

252 2499 353 2587 Syria
377 2505 410 2566 et
431 2497 600 2568 Phoenica
627 2507 741 2590 partas
759 2502 906 2569 voluisse
928 2502 1099 2592 complere
1121 2502 1298 2569 invasione
1319 2501 1356 2568 in
1379 2504 1572 2588 Aegyptum

251 2605 354 2688 laeta,
369 2607 465 2672 cuius
479 2607 530 2674 rei
549 2611 668 2673 testem
685 2608 816 2675 Livium
829 2609 978 2676 afferunt
992 2611 1110 2699 (33,19
1128 2630 1135 2677 :
1150 2608 1311 2676 omnibus
1325 2608 1423 2695 regni
1444 2605 1573 2673 viribus

249 2713 412 2780 connixus
444 2734 521 2779 eum
554 2713 711 2800 ingentes
740 2716 857 2805 copias
889 2721 1066 2782 terrestres
1093 2715 1351 2806 maritimasque
1383 2733 1574 2802 comparas-

249 2823 304 2885 set
318 2819 410 2906 etc).
429 2824 476 2886 lta
490 2841 571 2886 sane
586 2819 701 2886 fuerit.
723 2825 764 2886 At
779 2821 885 2889 altera
899 2844 981 2912 pars
997 2844 1113 2889 versus
1133 2844 1210 2889 eam
1225 2820 1441 2888 commendat
1453 2841 1572 2908 accep-

251 2927 380 2992 tionem
407 2948 511 3015 quarn
532 2928 569 2994 S.
592 2926 687 2994 Hier.
716 2931 891 3016 expressit.
916 2930 1066 2996 Firmum
1089 2930 1162 2996 scil.
1188 2930 1298 3018 capiet
1326 2927 1507 2994 consilium
1538 2931 1570 2990 et

252 3053 354 3099 omne
373 3031 523 3098 studium
544 3032 587 3097 in,
598 3031 633 3098 id
655 3033 800 3120 diriget,
816 3039 853 3100 ut
872 3056 1021 3121 regnum
1042 3037 1188 3124 Aegypti
1207 3055 1307 3101 suum
1326 3033 1448 3113 taciat;
1467 3053 1572 3122 quare

251 3137 362 3204 filiam
383 3159 478 3206 suam
506 3137 603 3204 dabit
627 3139 664 3204 iu
689 3140 948 3206 matrimonium
973 3141 1049 3226 regi
1073 3141 1221 3230 Aegypti
1248 3138 1494 3228 compositione
1517 3136 1572 3204 vel

250 3253 413 3345 pactione
431 3276 510 3320 eum
525 3277 566 3322 eo
578 3253 677 3333 facta,
696 3254 746 3321 uti
766 3258 846 3322 Lxx
864 3256 994 3322 habent
1010 3248 1063 3316 acl
1078 3252 1225 3330 cortinae
1243 3246 1313 3343 μετ’
1334 3255 1427 3317 αὐτοῦ
1445 3253 1571 3324 ποιήσε-

252 3391 321 3447 ται,
344 3371 526 3438 Theodotio
552 3378 667 3438 autem
690 3361 745 3431 acl
765 3368 864 3434 colaia
887 3367 990 3434 πάντα
1017 3375 1083 3459 μετ’
1113 3375 1206 3434 αὑτοῦ
1231 3371 1364 3440 ποιήσει.
1389 3371 1571 3438 Oraculum

251 3475 442 3544 illustratur
456 3477 497 3544 iis
510 3500 598 3566 quae
613 3478 718 3546 hahet
733 3479 879 3545 lustinus
896 3484 972 3561 31,1
992 3499 1000 3546 :
1016 3509 1031 3541 «
1047 3485 1183 3547 mortuo
1201 3478 1397 3546 Ptolemaeo
1414 3478 1572 3567 Philopa-

251 3591 328 3650 tore
344 3605 426 3671 rege
444 3585 593 3674 Aegypti
611 3590 875 3675 contemptaque
891 3586 1027 3675 parvuli
1046 3586 1108 3654 filii
1128 3587 1201 3653 eius
1220 3591 1329 3654 aetate
1345 3587 1406 3675 qui
1422 3586 1460 3651 in
1477 3607 1572 3675 spem

250 3690 353 3776 regni
374 3691 513 3758 relictus
537 3691 667 3781 praeda
695 3692 798 3758 etiam
827 3691 1022 3760 domesticis
1043 3700 1131 3774 erat,
1157 3693 1342 3760 Antiochus
1367 3714 1426 3757 rex
1454 3691 1572 3778 Syriae

250 3817 418 3886 occupare
435 3801 630 3887 Aegyptum
650 3797 799 3864 statuit»
818 3803 921 3888 atque
939 3799 980 3865 iis
1001 3821 1090 3889 quae
1112 3807 1232 3866 narrat
1255 3799 1434 3888 Iosephus,
1453 3798 1567 3886 Antiq.

255 3907 346 3985 tua.
379 3910 395 3969 1
422 3904 631 3971 Antiochum
654 3904 727 3970 soil.
751 3909 860 3994 Scopa
881 3904 1017 3974 devicto
1040 3913 1073 3973 et
1097 3906 1243 3972 urbibus
1263 3907 1377 3971 Coeles
1398 3905 1513 3991 Syriae
1538 3906 1572 3968 et

253 4011 408 4076 Samaria
422 4017 455 4076 et
466 4010 590 4078 ludaea
602 4011 771 4100 occupatis
785 4011 904 4078 foedus
917 4033 995 4078 cum
1010 4013 1202 4080 Ptolemaeo
1217 4013 1334 4084 iecisse
1350 4014 1450 4100 eique
1464 4009 1571 4076 filiam

251 4136 351 4182 suam
369 4117 584 4207 Cleopatram
599 4122 745 4206 nuptum
765 4118 892 4184 locasse
914 4123 947 4184 et
964 4119 1085 4186 Coelen
1107 4121 1243 4206 Syriam
1267 4124 1300 4185 et
1324 4119 1514 4184 Samariam
1540 4121 1572 4182 et

252 4220 413 4290 Iudaeam
431 4228 463 4289 et
481 4223 672 4291 Phoenicen
694 4223 780 4290 dotis
796 4225 935 4291 nomine
953 4224 1123 4292 tribuisse.
1141 4226 1251 4292 Etiam
1265 4225 1457 4291 distinctius
1468 4223 1571 4289 refert

251 4329 290 4397 S.
310 4329 403 4396 Hier.
422 4351 434 4396 .·
451 4357 468 4390 a
485 4330 601 4398 volens
614 4331 800 4397 Antiochus
812 4353 882 4398 non
895 4331 1007 4413 solum
1022 4332 1158 4419 Syriam
1171 4337 1204 4398 et
1220 4332 1372 4398 Ciliciam
1385 4337 1419 4396 et
1434 4330 1569 4419 Lyciam

251 4440 286 4501 et
305 4434 387 4502 alias
403 4437 597 4526 provincias
621 4460 709 4528 quae
723 4436 907 4505 Ptolemaei
931 4438 1068 4505 fuerant
1086 4439 1237 4528 partium
1251 4437 1443 4527 possidere,
1460 4437 1519 4504 sed
1535 4438 1569 4503 in

249 4548 446 4632 Aegyptum
460 4564 596 4634 quoque
613 4565 760 4630 regnum
779 4565 880 4610 suurn
896 4544 1095 4625 extendere,
1111 4544 1219 4610 filiam
1239 4566 1336 4611 suam
1358 4545 1569 4634 Cleopatram

248 4669 313 4739 per
326 4650 463 4716 Euclem
477 4649 637 4716 rhodium
652 4651 796 4739 septimo
811 4672 900 4717 anno
916 4651 1016 4738 regni
1033 4651 1256 4719 adolescentis
1270 4651 1452 4742 despondit
1464 4652 1570 4717 Ptole-

250 4777 351 4822 maeo
367 4761 400 4822 et
417 4757 516 4824 tertio
531 4756 665 4823 decimo
680 4779 770 4823 anno
789 4757 932 4824 tradidit
949 4758 1028 4826 data
1047 4759 1079 4824 ei
1099 4758 1186 4825 dotis
1203 4759 1338 4825 nomine
1358 4757 1452 4838 omni
1471 4756 1567 4822 Coele
