3550 5367
799 374 877 433 ΒΑΝ.
903 376 931 442 l,
955 375 992 433 925
1498 370 1555 428 201
1584 425 1585 431 ,

239 521 367 589 cabunt
391 520 566 588 mensibus
585 521 816 612 quadraginta
835 523 984 617 dnobusj
1014 522 1096 589 item
1120 520 1246 588 dicitur
1271 526 1349 602 12,ss
1375 518 1556 585 mulierem

238 627 367 714 fugisse
379 628 415 694 in
428 626 664 710 solitudinem,
677 629 715 695 in
728 629 841 697 locum
861 652 882 696 a
897 634 964 697 Deo
980 628 1022 697 ad
1038 650 1114 695 eam
1133 626 1313 698 tutandam
1328 629 1504 716 paratum,
1522 629 1558 690 nt

116 751 120 754 “
238 734 387 801 ibicum
413 742 590 824 pascerent
612 734 735 803 diebus
765 736 858 803 mille
885 734 1039 803 ducentis
1065 734 1255 821 sexaginta,
1284 732 1409 823 quibus
1432 733 1558 798 iterum

238 862 373 908 menses
387 841 586 909 efficiuntur
604 842 836 932 quadraginta
853 842 922 909 duo
933 863 944 924 ,·
962 844 990 909 si
1010 842 1183 909 mensibus
1198 839 1344 927 singulis
1359 838 1559 905 attribueris

239 949 384 1035 triginta
402 947 492 1030 dies3
511 948 582 1015 iam
603 948 696 1038 quod
719 952 947 1040 praecipuum
964 949 1112 1029 videtur,
1132 948 1203 1015 dies
1221 947 1278 1013 isti
1300 952 1385 1013 1260
1405 945 1443 1011 in
1458 968 1492 1011 v.
1516 952 1557 1013 lt

241 1055 467 1140 designantur
487 1056 552 1122 boc
574 1056 678 1124 modo
693 1079 702 1121 ε
720 1061 754 1122 et
774 1055 874 1123 datae
897 1063 976 1123 sunt
990 1055 1127 1123 mulieri
1150 1055 1224 1122 alae
1243 1054 1350 1136 duae,
1374 1056 1412 1120 ut
1425 1051 1563 1119 volaret

239 1161 279 1227 in
295 1160 467 1228 desertum
479 1162 517 1227 in
529 1162 643 1229 locum
661 1184 778 1243 suum,
801 1162 861 1229 ubi
881 1162 987 1229 alitur
1000 1183 1064 1252 per
1077 1166 1212 1251 tempus
1232 1166 1265 1227 et
1278 1165 1437 1249 tempora
1459 1162 1492 1225 et
1505 1158 1558 1224 di-

240 1266 388 1357 midium
403 1269 580 1357 temporis
602 1274 649 1335 Ex
662 1268 758 1335 hisce
776 1269 885 1354 igitur
901 1269 1130 1336 communiter
1144 1268 1330 1334 conficiunt
1345 1271 1475 1333 veteres
1494 1287 1558 1333 an-

241 1373 436 1441 tichristum
450 1396 514 1465 per
535 1379 602 1441 tres
624 1395 733 1441 annos
751 1380 784 1442 et
800 1397 856 1441 sex
870 1396 1004 1443 menses
1019 1396 1088 1441 esse
1108 1374 1364 1441 dominaturum
1381 1379 1416 1441 et
1429 1376 1562 1439 sanctos

241 1485 458 1548 vexaturum.

289 1591 328 1652 ln
340 1587 487 1653 oraculis
505 1588 713 1677 quandoque
735 1610 895 1655 numeros
909 1589 1000 1656 tradi
1019 1594 1129 1656 certos
1143 1594 1177 1654 et
1191 1587 1349 1654 definitos
1365 1587 1427 1676 qui
1441 1585 1561 1653 eodem

243 1692 348 1760 modo
362 1693 509 1779 intelligi
527 1694 675 1761 debeant
688 1716 790 1761 nemo
804 1695 949 1782 negabit
962 1698 1099 1776 merit0;
1118 1694 1195 1761 vide
1208 1698 1248 1761 ts.
1265 1699 1335 1775 7,8.
1358 1698 1422 1759 ler.
1444 1699 1560 1772 29,10.

244 1804 284 1867 nt
297 1798 405 1867 siboc
422 1805 536 1867 nostro
551 1800 625 1868 loco
638 1807 672 1867 et
686 1803 722 1869 in
736 1807 840 1891 Apoc.
856 1824 925 1869 non
942 1802 1162 1870 exhiberetur
1176 1800 1241 1869 nisi
1260 1799 1439 1867 oraculum
1450 1799 1563 1888 planis

243 1905 358 1973 verbis
372 1929 579 1996 expressum,
595 1930 663 1975 non
676 1908 870 1976 dubitarem
885 1930 1068 1976 numerum
1080 1929 1159 1975 enm
1173 1910 1303 1975 certum
1316 1906 1563 1995 definitumque

245 2034 407 2080 asserere.
427 2018 469 2080 at
479 2014 572 2103 quod
585 2037 650 2104 pro
665 2021 812 2104 utroque
823 2016 898 2082 loco
912 2038 966 2083 me
982 2014 1096 2081 reddit
1105 2014 1290 2104 ancipitem
1304 2017 1353 2079 est
1367 2012 1461 2101 quod
1472 2015 1564 2077 utro-

243 2119 351 2209 bique
370 2121 457 2186 ratio
469 2120 606 2187 visionis
617 2121 827 2209 symbolicae
841 2121 1032 2189 intercedit.
1053 2126 1091 2187 ln
1110 2122 1171 2187 tali
1192 2125 1307 2189 autem
1319 2120 1450 2201 visione
1464 2118 1563 2184 facile

246 2226 445 2312 contingere
456 2232 565 2316 potest
577 2233 615 2294 ut
627 2228 763 2295 numeri
780 2227 1003 2295 ostendantur
1018 2228 1159 2294 omnino
1173 2227 1317 2295 certiac
1338 2225 1486 2307 definiti,
1504 2225 1563 2313 qui

245 2338 364 2398 tamen
378 2354 477 2399 sensu
497 2340 530 2399 et
552 2334 805 2421 significatione
825 2334 871 2401 ad
889 2334 1085 2423 symbolum
1100 2334 1279 2401 accedente
1294 2331 1404 2423 accipi
1424 2330 1559 2399 debent.

245 2440 412 2529 Exempla
425 2438 531 2506 habes
544 2446 596 2506 sat
614 2440 724 2508 multa
736 2443 773 2508 in
792 2446 848 2507 Ez.
865 2463 941 2531 cap.
960 2447 1081 2537 tlt-lc&
1103 2440 1182 2507 vide
1201 2462 1289 2530 quae
1309 2439 1351 2505 de
1371 2438 1443 2505 eius
1458 2438 1565 2528 partis

246 2545 496 2631 significatione
511 2546 668 2635 pluribus
682 2550 818 2638 exposui
832 2550 868 2615 in
886 2553 1073 2617 Comment.
1097 2571 1133 2637 p.
1153 2552 1315 2615 516-526.
1338 2550 1447 2623 Quare
1467 2545 1564 2633 equi-

247 2651 329 2720 dem
346 2674 415 2718 non
436 2653 547 2721 ausim
568 2676 625 2720 eos
642 2655 896 2743 reprehendere
918 2656 977 2745 qui
995 2675 1180 2722 numerum
1206 2654 1239 2719 h.
1257 2652 1280 2720 l.
1299 2656 1491 2739 agnoscunt
1511 2651 1564 2715 in-

246 2757 532 2840 determinatum
554 2759 660 2849 idque
683 2783 723 2827 eo
746 2761 857 2848 magis
873 2763 955 2851 quia
975 2775 1107 2851 tempus
1127 2760 1221 2850 apud
1239 2758 1414 2827 Danielem
1436 2778 1563 2831 annum

246 2864 443 2951 significare
453 2867 490 2932 in
501 2888 596 2933 mera
608 2868 804 2935 coniectura
815 2870 993 2958 reponitur
1004 2868 1062 2959 (cl.
1074 2867 1119 2933 ad
1131 2874 1209 2947 t,13
1221 2872 1255 2933 et
1267 2864 1375 2954 MD),
1389 2864 1468 2930 dein
1483 2862 1565 2951 quia

246 2972 350 3038 etiam
364 2972 400 3037 in
416 2971 563 3040 dubium
579 2976 694 3041 vocari
705 2980 832 3064 potest,
855 2996 937 3041 num
951 2980 985 3041 S.
1004 2980 1147 3042 loannes
1170 2994 1289 3039 revera
1309 2971 1455 3038 voluerit
1475 2971 1566 3036 hanc

247 3078 396 3145 Danielis
415 3079 598 3146 dictionem
617 3081 802 3171 explicare3
821 3082 928 3147 immo
940 3082 969 3147 si
985 3080 1021 3147 id
1038 3080 1103 3146 tibi
1119 3078 1328 3161 conceditur,
1345 3098 1398 3145 res
1412 3074 1566 3143 nondum

246 3185 385 3252 videtur
398 3187 569 3268 confecta,
586 3188 669 3276 quia
685 3189 722 3254 in
740 3192 843 3278 Apoe.
865 3209 987 3255 revera
1004 3187 1140 3257 numeri
1156 3186 1376 3265 continentur
1388 3182 1568 3270 symboliei

246 3314 334 3381 quos
346 3314 462 3359 omnes
476 3292 678 3378 adrnittunt3
691 3294 784 3361 unde
799 3294 908 3380 igitur
921 3293 1044 3377 habes,
1062 3315 1130 3382 quo
1146 3298 1239 3360 certo
1252 3290 1404 3377 assignes
1421 3290 1480 3379 qui
1499 3290 1567 3355 sint

247 3398 445 3485 symboliei,
461 3400 521 3488 qui
536 3400 619 3466 certi
633 3422 674 3467 ac
687 3400 845 3467 definiti?
859 3400 1026 3491 Equidem
1041 3422 1109 3466 non
1124 3398 1240 3481 video;
1257 3420 1364 3487 quare
1379 3395 1566 3463 seeundum

248 3507 387 3592 regulas
403 3507 693 3596 interpretationis
707 3507 899 3574 cavendum
919 3508 984 3574 erit
1001 3528 1043 3574 ne
1057 3506 1157 3573 citius
1178 3525 1281 3595 quam
1298 3527 1362 3594 par
1378 3508 1427 3571 est
1439 3507 1567 3569 certam

248 3617 438 3680 statuamus
447 3614 648 3680 sententiam
663 3613 701 3680 in
711 3635 749 3680 re
759 3614 845 3681 adeo
859 3614 1007 3681 obseura
1019 3619 1051 3681 et
1064 3613 1228 3701 symbolis
1242 3612 1381 3679 visionis
1392 3610 1564 3693 obvoluta.

294 3723 363 3786 Hoc
385 3720 505 3787 saltem
528 3741 591 3810 pro
612 3722 859 3788 commentario
876 3722 915 3788 in
938 3720 1114 3788 Danielem
1128 3719 1275 3787 sufficiat
1287 3723 1450 3799 statuere,
1475 3715 1568 3805 apud

250 3848 329 3892 eum
353 3833 488 3917 tempus
515 3818 617 3913 regni
636 3828 829 3895 antichristi
849 3828 952 3894 modo
972 3828 1119 3916 proponi
1144 3826 1421 3894 indeterminato.
1448 3828 1568 3893 Utrum

251 3932 336 3999 haec
359 3934 523 4000 revelatio
541 3934 760 4023 postmodum
784 3935 820 4000 in
842 3939 945 4024 Apoc.
967 3935 1072 4001 fuerit
1094 3933 1139 4001 ad
1155 3940 1286 3999 certum
1308 3931 1469 4021 temporis
1488 3952 1566 4020 spn-

250 4039 338 4105 tium
357 4040 542 4129 explicata,
562 4040 611 4107 ita
633 4046 671 4106 ut
691 4062 895 4132 progressus
917 4042 954 4107 in
977 4042 1054 4131 ipsa
1074 4039 1231 4106 doctrina
1249 4039 1398 4105 revelata
1417 4060 1456 4104 ea
1475 4037 1511 4103 in
1529 4059 1566 4103 re

251 4148 343 4213 cerni
359 4148 476 4237 possit,
494 4169 613 4231 necne,
632 4147 715 4215 alibi
728 4136 794 4214 erit
811 4147 1057 4237 disputandum
1072 4146 1223 4213 uberius.
1241 4150 1349 4222 Quare
1365 4144 1401 4211 b.
1418 4144 1441 4211 l.
1458 4143 1569 4209 omitti

249 4257 360 4342 potest
375 4254 442 4321 alia
456 4254 543 4320 ratio
558 4276 663 4343 quam
679 4254 887 4343 quandoque
900 4254 1062 4336 afferunt,
1078 4253 1249 4320 decerent
1264 4250 1482 4319 antichristus
1499 4271 1567 4317 non

251 4361 473 4448 permittatur
498 4359 627 4427 diutius
654 4382 802 4448 regnare
826 4365 859 4427 et
883 4359 1082 4450 praedicare
1106 4380 1211 4449 quam
1234 4358 1403 4441 Christus3
1425 4362 1461 4425 at
1483 4379 1566 4424 num

252 4466 372 4533 deceat
386 4472 424 4533 ut
436 4466 569 4533 tamdiu
582 4469 812 4556 permittatur,
823 4468 901 4556 pari
915 4468 990 4533 iure
1003 4466 1210 4551 interrogari
1222 4470 1341 4555 potest.
1357 4469 1440 4532 Cum
1454 4470 1569 4532 autem

254 4574 373 4640 Daniel
398 4574 489 4641 dieat
510 4596 619 4663 usque
640 4574 684 4641 ad
710 4579 860 4663 tempus,
888 4573 958 4640 duo
982 4578 1155 4662 tempora,
1181 4571 1364 4638 dimidium
1389 4570 1567 4661 temporis,

252 4683 331 4771 ipsa
342 4681 409 4748 hac
424 4681 609 4748 verborum
625 4681 842 4748 collocatione
855 4680 1051 4767 significare
1064 4678 1200 4747 videtur
1210 4679 1282 4745 fore
1299 4685 1335 4745 ut
1348 4686 1498 4770 potestas
1512 4699 1570 4783 aq-

252 4788 401 4855 ticbristi
416 4812 437 4855 a
450 4789 565 4879 parvis
582 4785 688 4854 initiis
709 4811 739 4854 v.
755 4794 776 4855 8
797 4793 872 4854 orta
883 4787 996 4855 subito
1014 4792 1142 4855 crescat
1157 4794 1189 4854 et
1205 4788 1433 4877 maximopere
1453 4774 1569 4853 exten-
