3550 5367
263 371 323 430 116
795 367 873 424 DAN.
898 367 927 434 3,
951 365 1043 424 27-31

261 517 493 607 poenitentiae
513 514 599 582 adeo
615 514 812 581 necessariis
826 513 1054 581 imbuendum
1068 513 1274 603 praeprimis
1291 514 1383 579 iacta
1394 518 1502 580 erant.
1521 517 1577 578 lu-

262 644 364 713 super
380 624 438 712 qui
457 623 535 713 plus
555 621 666 687 laudis
688 627 720 688 et
740 622 932 708 gratiarum
951 620 1094 686 actionis
1115 619 1311 687 desiderant
1333 619 1463 686 habent
1477 625 1510 684 et
1523 621 1577 685 in-

261 731 398 796 venient
412 729 448 795 in
464 729 616 795 carmine
630 749 725 794 sacro
740 751 760 794 a
773 726 955 793 iuvenibus
975 727 1114 792 recitato
1131 749 1164 792 v.
1182 733 1225 792 52
1244 749 1314 816 seq.

305 837 466 903 Maximae
481 841 530 902 est
545 836 681 924 pietatis
696 841 729 900 et
749 855 903 900 summae
927 832 1104 920 religionis
1123 833 1243 900 laudes
1260 834 1320 900 Dei
1343 834 1483 922 eiusque
1506 834 1578 918 glo-

263 944 350 1009 riam
370 942 571 1032 praedicare
589 947 663 1007 tum
683 962 762 1007 cum
780 941 868 1009 iusto
888 940 944 1006 Dei
958 938 1087 1005 iudicio
1101 940 1275 1006 calamitas
1288 940 1425 1029 publica
1440 944 1473 1005 et
1488 959 1578 1005 corn-

260 1050 374 1115 munis
398 1050 497 1134 gravi
521 1070 624 1114 onere
653 1045 834 1113 incumbit.
857 1046 895 1113 ld
921 1047 1095 1136 praeclare
1118 1051 1269 1136 praestat
1294 1047 1442 1112 Azarias.
1468 1049 1503 1110 ln
1526 1045 1591 1112 ira‘

260 1155 352 1240 regis
362 1160 394 1220 et
409 1156 574 1220 sententia
585 1159 703 1220 contra
717 1175 751 1219 se
762 1152 833 1219 lata
847 1173 973 1219 novam
981 1153 1108 1218 instare
1121 1152 1230 1219 ceruit
1238 1153 1359 1242 populi
1371 1153 1423 1218 sui
1439 1173 1577 1241 oppres-

260 1263 401 1330 sionem.
422 1265 529 1337 Quam
542 1266 579 1326 ut
591 1265 677 1326 Deus
689 1260 867 1326 miserator
881 1264 1012 1325 avertat
1027 1263 1203 1349 precatur,
1217 1265 1254 1325 ut
1266 1263 1380 1325 auteur
1393 1264 1500 1325 Deum
1510 1258 1575 1324 sibi

261 1368 396 1458 suisque
424 1366 547 1434 reddat
569 1366 778 1456 propitium,
803 1366 846 1432 ab
874 1365 997 1432 humili
1021 1366 1227 1432 confessione
1249 1365 1382 1430 orditur
1410 1366 1576 1454 populum

260 1475 376 1542 omnia
392 1475 451 1540 illa
467 1475 613 1562 peccatis
629 1475 699 1539 suis
713 1494 793 1538 vere
810 1476 844 1537 et
858 1474 981 1538 merito
997 1472 1193 1539 sustinuisse
1208 1494 1329 1561 quaea
1349 1475 1415 1537 Deo
1434 1471 1576 1536 iustissi-

260 1605 314 1650 me
333 1586 443 1648 essent
456 1581 601 1658 inflicta;
618 1603 651 1646 u.
668 1585 711 1646 27
726 1607 742 1641 a
758 1579 840 1669 quia
859 1579 967 1645 iustus
986 1601 1020 1644 es
1034 1579 1071 1644 iu
1083 1577 1238 1644 crinibus
1253 1600 1342 1668 quae
1358 1577 1471 1668 fecisti
1483 1576 1577 1643 nobes

260 1701 292 1754 et
312 1688 468 1754 tcac'versa
484 1708 588 1776 opera
605 1698 759 1752 talavera
776 1698 809 1750 ct
823 1684 898 1752 viae
918 1698 997 1750 tuae
1012 1697 1123 1751 rectae
1135 1685 1295 1752 etemnia
1308 1685 1437 1751 iudicia
1450 1696 1510 1750 tua
1520 1707 1576 1750 ee-

260 1816 319 1878 ra;
338 1818 369 1861 v.
389 1799 432 1861 28
449 1793 577 1860 iudicia
597 1793 688 1858 enim
705 1815 785 1858 vera
797 1790 910 1880 fecisti
932 1794 1030 1858 iacta
1050 1793 1166 1858 omnia
1192 1814 1280 1881 quae
1295 1790 1464 1858 induxisti
1476 1813 1579 1880 super

260 1924 320 1967 nes
334 1914 367 1966 et
381 1922 483 1990 super
501 1901 670 1966 civitatem
686 1910 838 1966 sanctam
850 1911 995 1988 patrum
1011 1912 1201 1966 nostrorum
1220 1900 1422 1982 Ierusalem,
1444 1898 1526 1988 quia
1540 1897 1575 1990 in

260 2009 400 2074 veritate
415 2019 448 2073 et
468 2007 504 2072 in
525 2006 650 2072 iudicio
670 2005 837 2072 induxisti
850 2006 964 2072 omnia
983 2006 1066 2073 daec
1079 2018 1223 2095 prepter
1242 2018 1387 2096 peccata
1408 2017 1522 2071 nostra
1540 2025 1573 2083 »3

259 2154 302 2165 -
317 2113 361 2180 aa
375 2137 406 2180 v.
427 2119 470 2180 ar
487 2113 668 2179 videlicut.
684 2119 778 2194 aaa.
795 2117 846 2178 rs.
864 2119 1022 2195 usust.
1038 2116 1333 2193 15131tt,17.0s.
1352 2119 1469 2195 1l,1o;
1487 2136 1518 2178 v.
1533 2118 1575 2179 aa
1612 2098 1618 2110 '

258 2243 400 2308 graece:
416 2219 544 2296 iudicia
556 2219 727 2301 veritatis,
739 2220 799 2309 qui
813 2226 863 2286 est
873 2219 1072 2290 manifestus
1083 2218 1314 2300 hebraismus,
1328 2226 1366 2287 ut
1380 2219 1450 2286 iam
1465 2218 1573 2286 ltald.

259 2327 416 2404 adnotat;
434 2327 476 2392 ei.
495 2342 568 2389 nan
584 2325 689 2390 nstin
711 2331 764 2392 Ea.
789 2327 995 2408 18‚8.Zaeh.
1016 2333 1085 2408 if).
1103 2331 1212 2415 Opera
1232 2333 1265 2392 et
1277 2322 1411 2393 ‘iudicia
1437 2328 1494 2391 Dei
1512 2327 1575 2392 tri·

259 2435 394 2524 pliciter
409 2455 489 2498 vera
503 2437 598 2514 sunt,
616 2433 664 2497 ait
683 2434 760 2498 Per.
768 2432 906 2521 ‚primo
926 2433 1068 2498 veritate
1084 2433 1187 2515 entiS,
1205 2432 1286 2521 quia
1300 2433 1576 2499 suntconsormia

261 2561 341 2605 suae
354 2538 494 2624 regulae
514 2538 586 2604 scil.
603 2538 886 2626 sapientiae'liei3
908 2537 1057 2604 secundo
1076 2540 1217 2605 veritate
1236 2539 1401 2620 iustitiae,
1420 2540 1500 2626 quio
1514 2560 1577 2626 per

260 2667 299 2710 ea
315 2645 401 2710 iuste
419 2649 505 2710 Deus
522 2645 620 2732 punit
638 2644 760 2732 impios
775 2655 807 2710 et
818 2644 987 2732 praemiat
1001 2645 1090 2734 pios;
1105 2646 1206 2712 tertio
1224 2647 1367 2711 veritate
1382 2642 1482 2725 fidei,
1494 2645 1577 2733 quia

260 2749 465 2839 respondent
479 2751 537 2814 Dei
558 2751 732 2838 promissis
751 2756 784 2815 et
802 2750 1128 2818 comminationibus
1141 2750 1266 2840 (Lep).
1291 2750 1452 2818 iuducere
1473 2773 1576 2839 super

260 2858 431 2923 civitatem
446 2856 491 2923 cf.
513 2859 574 2921 ler.
594 2863 714 2938 19,15;
731 2863 844 2940 39,16,
862 2861 916 2923 Ez.
930 2863 1042 2939 lm.
1060 2862 1136 2924 Bar.
1154 2863 1245 2939 mil.
1260 2859 1341 2923 Dein
1355 2857 1459 2923 simili
1474 2855 1576 2922 niodo

260 2985 328 3052 quo
343 2964 475 3028 Barueh
495 2962 593 3028 docet
610 2967 770 3050 precatur
786 2987 817 3029 v.
836 2969 877 3030 *29
897 2991 912 3023 α
929 2963 1146 3053 peccavimus
1164 2965 1254 3030 etu'm
1269 2976 1302 3028 et
1314 2963 1431 3053 inique
1446 2962 1575 3052 equuus

260 3069 450 3139 recedentes
471 3091 491 3136 a
510 3080 540 3135 te
555 3081 588 3136 et
602 3068 806 3158 deliquimus
827 3070 863 3135 ia
884 3069 1040 3136 virtuibus
1054 3067 1087 3137 v'.
1112 3077 1154 3137 30
1176 3081 1210 3136 et
1221 3083 1409 3159 praecepta
1429 3081 1488 3135 tua
1506 3091 1576 3134 noa

259 3176 453 3243 audivimus
467 3198 528 3242 aec
554 3174 801 3243 observavimus
821 3199 882 3242 uec
901 3178 1047 3265 feciuucs
1070 3177 1157 3242 sicut
1173 3198 1398 3267 praeceperas
1421 3175 1515 3241 uobis
1538 3188 1577 3240 ut

260 3283 340 3350 bene
360 3281 456 3348 nobis
470 3294 553 3348 esset
569 3299 598 3360 »ς
620 3321 663 3331 -
679 3284 721 3349 el.
744 3286 820 3350 Bar.
838 3289 908 3384 ψ.
930 3290 963 3352 8.
983 3291 1036 3350 10,
1054 3289 1112 3366 12;
1130 3313 1146 3344 «
1159 3284 1302 3349 multam
1321 3283 1499 3373 emphasin
1515 3284 1575 3349 ha-

258 3389 316 3454 bet
330 3389 417 3457 illud
436 3411 457 3454 a
474 3399 516 3473 tc,
536 3389 633 3476 quasi
648 3389 738 3455 dicat
755 3412 775 3455 a
792 3395 825 3456 te
840 3389 965 3455 factore
980 3395 1013 3456 et
1025 3389 1164 3478 opifice,
1181 3388 1272 3456 bono
1286 3389 1387 3471 hero,
1405 3390 1573 3454 nutritore

259 3502 290 3560 et
306 3495 460 3580 custode,
482 3495 542 3583 qui
558 3495 602 3560 ab
616 3497 865 3584 Aegyptiorum
889 3497 1050 3561 servitute
1067 3518 1128 3563 nos
1146 3496 1315 3578 liberasti,
1332 3496 1390 3585 qui
1406 3517 1500 3562 mare
1518 3515 1572 3560 se-

258 3611 357 3677 cuisti
376 3639 390 3669 v
417 3615 479 3675 etc.
500 3608 666 3697 (Taceat
689 3610 848 3677 recedere
862 3609 1033 3679 ἀποστῆναι
1051 3611 1095 3677 ef.
1120 3616 1181 3677 ler.
1204 3618 1315 3695 17,13.
1338 3615 1392 3677 ΕΖ.
1416 3617 1512 3693 20,8;
1537 3617 1574 3675 ut

258 3715 346 3782 bene
366 3717 408 3781 sit
426 3716 469 3782 ci.
490 3719 585 3781 Deut.
605 3723 709 3796 ate:
733 3716 863 3782 custodi
887 3723 1072 3806 praecepta
1089 3718 1161 3783 eius
1182 3722 1283 3806 atque
1302 3703 1464 3783 mandata
1485 3736 1573 3804 quae
1608 3760 1611 3769 ·

261 3845 327 3908 ego
346 3822 520 3912 praecipio
538 3821 619 3902 tibi,
634 3828 672 3888 ut
684 3821 771 3888 bene
786 3823 827 3889 sit
842 3824 906 3889 tibi
922 3828 955 3888 et
972 3824 1053 3889 filiis
1065 3825 1132 3890 tuis
1147 3829 1223 3914 post
1242 3830 1287 3891 te.

307 3956 322 3989 a
342 3928 481 4007 Quando
496 3928 635 3995 diversis
648 3930 839 4018 premimur
851 3931 1029 4016 angustiis,
1045 3953 1084 3995 ex
1098 3935 1169 3997 toto
1184 3931 1297 3997 cordis
1311 3931 1375 3996 hoe
1389 3931 1576 4019 loquamur

257 4035 381 4102 affeetu
401 4039 433 4101 et
454 4034 625 4124 quidquid
648 4035 749 4102 nobis
771 4035 933 4102 acciderit
955 4036 1041 4102 iuste
1067 4058 1128 4103 nos
1153 4037 1317 4104 sustinere
1337 4036 1517 4113 fateamur,
1535 4041 1573 4101 ut

258 4142 470 4231 compleatur
480 4142 515 4207 in
531 4141 629 4208 nobis
643 4141 730 4208 illud
741 4141 835 4231 quod
847 4142 1010 4232 scriptum
1027 4148 1075 4209 est
1092 4166 1100 4211 :
1119 4143 1370 4210 exsultaverunt
1383 4148 1415 4209 et
1427 4143 1571 4209 laetatae

260 4255 337 4312 suut
360 4248 450 4314 filiae
474 4247 577 4315 Iudae
604 4249 639 4314 in
668 4248 826 4315 omnibus
849 4247 985 4315 iudiciis
1007 4250 1090 4333 tuis,
1116 4250 1293 4317 Domine»
1315 4253 1363 4337 (S.
1385 4249 1573 4335 Hier.);id

258 4353 439 4444 profitetur
460 4357 598 4421 nomine
620 4355 740 4446 populi
760 4357 898 4422 ,azarias
917 4377 950 4422 r.
968 4362 1007 4422 31
1034 4386 1049 4416 r
1071 4356 1186 4423 omitia
1206 4379 1284 4446 erqo
1300 4379 1386 4446 qaae
1406 4355 1575 4422 inducisti

259 4481 361 4549 super
375 4481 435 4526 ries
454 4473 486 4526 et
502 4462 657 4528 cerviversa
671 4485 760 4551 quae
771 4463 887 4551 fecisti
910 4460 1007 4527 uobis
1028 4462 1064 4527 iu
1082 4484 1160 4529 vero
1185 4461 1310 4529 iudicio
1327 4463 1453 4552 fecisti,
1472 4485 1505 4527 v.
1528 4468 1570 4528 32

259 4579 293 4633 et
307 4565 479 4632 tradidisti
491 4588 551 4632 ries
560 4567 596 4632 ia
611 4567 768 4634 nvauibus
782 4568 1000 4634 inimicorum
1013 4582 1204 4635 uestrorum
1217 4570 1408 4659 iniquorum
1421 4553 1454 4636 et
1461 4567 1570 4658 pessi-

258 4695 392 4740 morum
412 4673 799 4763 praevaricatorumque
816 4686 850 4740 et
872 4673 947 4764 reqi
963 4674 1088 4741 iuc'usto
1109 4688 1141 4742 et
1157 4677 1304 4768 pessime
1322 4675 1413 4742 ultra
1436 4697 1570 4741 otriaeru

260 4802 384 4856 terram
417 4810 451 4870 »3
474 4825 519 4838 -
546 4809 667 4874 graece
693 4782 841 4876 ἐχθίστων
857 4786 1056 4871 ἀποστατῶν,
1072 4790 1108 4857 id
1129 4791 1222 4881 quod
1254 4789 1473 4882 appositionis
1496 4789 1570 4857 l‘oeo

707 4813 715 4828 Α

720 4863 730 4876 w
