3550 5367
231 357 290 416 202
765 358 844 415 Dan.
868 354 897 427 7,
919 355 1013 414 ‘ie-28

229 505 346 586 datur3
369 510 404 571 at
418 503 501 571 dum
521 506 625 573 etiam
639 506 750 571 maior
767 506 839 571 eius
853 524 1056 594 progressus
1069 502 1316 593 exspectandus
1338 522 1409 569 esse
1431 501 1550 568 videa-

226 619 302 695 tur,
330 618 472 701 repente
494 611 723 701 abrumpatur
748 618 852 700 atque
875 610 1048 688 concidat3
1069 614 1143 700 post
1165 630 1274 675 unum
1298 609 1390 677 enim
1411 616 1548 697 tempus

225 718 449 808 progreditur
469 717 514 784 ad
526 717 609 802 duo,
626 716 719 786 uude
738 722 886 807 potestas
908 716 981 783 eius
999 716 1147 783 firmiter
1166 716 1349 783 constituta
1360 720 1410 781 est
1424 721 1457 781 et
1471 736 1547 781 ore-

198 858 200 864 ·
225 826 302 903 scit3
319 824 430 892 sedin
446 824 559 891 medio
574 846 675 891 cursu
690 824 805 890 subito
819 823 1051 913 intercipitur3
1076 851 1100 883 u·
1113 828 1257 912 propter
1269 822 1394 889 electos
1408 822 1546 889 breria-

225 930 358 998 buntur
376 930 449 998 dies
471 930 523 997 illi
540 957 556 991 a
581 930 710 1021 (Matth.
736 930 865 1019 him).
891 934 1077 997 Numerum
1100 930 1194 997 hunc
1213 951 1281 1018 quo
1300 928 1447 995 dimidia
1466 950 1547 1019 pars

225 1038 362 1105 numeri
375 1039 561 1127 septenarii
585 1037 803 1104 constituitur
817 1037 875 1104 alii
894 1035 1108 1103 considerant
1126 1040 1301 1125 tamquam
1316 1034 1464 1101 indicem
1488 1035 1544 1101 vel

225 1144 400 1211 brevitatis
413 1144 468 1209 vel
487 1144 599 1233 operis
614 1144 776 1225 humani,
793 1145 829 1210 in
850 1148 1019 1233 quantum
1036 1141 1195 1209 videlicet
1215 1143 1446 1231 septenarium
1462 1164 1544 1208 con-

180 1305 183 1307 *
225 1252 294 1340 cipi
302 1250 428 1317 dehere
438 1255 576 1317 censent
589 1272 774 1318 numerum
784 1250 986 1340 perfectum,
1003 1268 1150 1331 sacrum,
1166 1248 1315 1315 indicem
1328 1269 1473 1339 operum
1485 1251 1543 1315 Dei

224 1363 257 1424 et
272 1357 463 1424 durationis
477 1356 644 1443 longioris
658 1356 713 1424 vel
726 1357 868 1424 stabilis.
891 1356 958 1424 Alii
972 1355 1112 1423 demum
1127 1346 1163 1421 in
1178 1354 1390 1441 diligentiae
1405 1376 1544 1421 enume-

225 1464 354 1531 ratione
371 1485 567 1554 expressum
592 1468 738 1530 cernunt
761 1468 896 1553 tempus
920 1462 1113 1551 tyrannidis
1132 1461 1325 1529 antichristi
1343 1482 1414 1527 esse
1437 1466 1541 1537 alteo

223 1569 402 1637 delinitum
419 1576 578 1637 accurate
595 1575 628 1637 et
650 1571 754 1637 certis
775 1569 943 1636 limitibus
966 1569 1263 1659 circumscriptum
1283 1572 1317 1635 et
1335 1569 1539 1651 coercitum,

224 1698 265 1742 ne
284 1678 390 1766 possit
410 1676 540 1745 diutius
559 1678 693 1759 furere;
712 1675 750 1743 id
763 1676 856 1766 quod
874 1676 919 1743 ad
935 1677 1086 1743 solamen
1104 1674 1262 1742 fidelium
1277 1674 1434 1765 explicite
1450 1696 1542 1742 asse·

221 1787 329 1849 ratur.
351 1786 418 1851 Hoc
440 1784 559 1873 utique
574 1783 611 1849 in
633 1805 673 1851 ea
695 1782 860 1872 loquendi
882 1784 994 1849 forma
1016 1782 1119 1849 etiam
1134 1782 1297 1849 contineri
1317 1785 1428 1871 potest
1448 1786 1481 1847 et
1495 1782 1539 1847 ad

221 1890 393 1956 rationem
409 1890 549 1957 visionis
565 1891 647 1956 satis
663 1892 773 1980 aptari
788 1890 937 1973 videtur.

265 1998 429 2086 Tempore
444 1996 587 2083 igitura
604 2001 671 2064 Deo
691 1997 874 2063 constituto
892 1996 985 2064 illius
1004 2001 1152 2087 potestas
1175 1995 1287 2063 subito
1307 1995 1483 2061 auferetur
1502 2018 1547 2061 v.-

217 2108 260 2169 26
275 2130 291 2163 α
306 2113 340 2168 et
352 2101 517 2169 iudicium
528 2102 655 2169 sedebit
669 2115 707 2169 ut
720 2102 1061 2193 ortseroturpotentz'o
1074 2114 1108 2168 et
1117 2114 1314 2169 conteratur
1323 2112 1358 2167 et
1369 2101 1540 2192 dispereat

222 2230 326 2297 usque
343 2209 380 2274 in
394 2210 520 2298 finem
544 2232 576 2276 v.
601 2216 645 2275 27
659 2232 801 2300 requam
822 2222 938 2276 autem
953 2221 986 2275 et
1008 2219 1154 2299 potestas
1175 2220 1209 2275 ct
1226 2206 1427 2299 muan'tudo
1442 2208 1542 2297 rapui

219 2337 307 2405 quoe
322 2327 370 2381 est
382 2315 496 2383 subter
511 2337 609 2381 omne
627 2316 757 2383 coelum
772 2315 871 2383 detur
883 2316 1013 2405 populo
1035 2329 1230 2383 sanctorum
1245 2314 1427 2395 Altz'sst'mt',
1444 2315 1538 2381 crtircs

218 2442 361 2510 requam
386 2444 529 2511 requam
548 2424 794 2512 sempiternum
812 2435 861 2489 cst
885 2436 919 2489 et
944 2445 1059 2489 omncs
1073 2446 1167 2513 reyes
1189 2423 1333 2489 servient
1353 2422 1386 2487 ei
1408 2432 1441 2487 et
1459 2420 1537 2487 obe·

219 2526 312 2593 dicat
326 2547 361 2606 »3
380 2566 425 2578 -
446 2528 490 2594 ci.
510 2552 543 2594 v.
572 2535 630 2610 10;
655 2528 693 2595 in
714 2535 832 2598 textu:
858 2528 1064 2616 magnitudo
1084 2550 1271 2617 regnorum
1288 2527 1351 2594 sub
1376 2530 1537 2595 universo

218 2633 311 2699 coelo
332 2632 470 2699 dabitur
494 2634 519 2699 i.
539 2656 569 2701 e.
594 2634 687 2723 quod
711 2635 831 2702 ultimo
849 2656 987 2725 quoque
1006 2634 1163 2702 membro
1187 2636 1397 2715 enuntiatur,
1420 2635 1536 2701 omnia

217 2761 326 2825 regna
348 2760 533 2828 omnesque
554 2738 805 2808 dominationes
828 2740 1053 2809 subiicientur
1076 2764 1184 2828 regno
1208 2742 1258 2807 illi
1278 2740 1371 2830 quod
1391 2744 1477 2807 Deus
1499 2742 1536 2806 in

216 2844 342 2935 populo
365 2867 427 2912 suo
446 2843 599 2912 condidit
606 2870 616 2931 3
640 2846 738 2913 clade
761 2847 892 2914 inflicta
918 2846 1113 2914 adversario
1133 2848 1369 2937 potentissimo
1387 2868 1534 2933 regnum

217 2952 275 3019 Dei
298 2952 548 3019 incrementum
565 2952 696 3042 capiet,
723 2954 806 3043 quia
829 2952 990 3020 seductor
1012 2953 1069 3020 ille
1093 2960 1132 3020 ut
1153 2954 1231 3021 talis
1252 2976 1273 3020 a
1295 2951 1535 3043 superstitibus

217 3064 438 3146 agnoscetur,
465 3081 572 3148 quare
591 3080 691 3147 reges
711 3081 850 3149 quoque
875 3060 935 3149 qui
959 3066 1058 3127 antea
1081 3060 1144 3127 sub
1168 3061 1240 3127 eius
1261 3058 1393 3125 vexillis
1416 3062 1534 3125 contra

216 3170 322 3231 Deum
341 3165 473 3231 bellum
485 3164 669 3252 gerebant,
685 3165 807 3232 victori
819 3170 887 3233 Deo
902 3188 972 3233 sese
991 3167 1189 3249 subiiciens
1206 3167 1293 3232 bene
1307 3170 1404 3232 notat
1418 3168 1503 3253 Lup.
1520 3186 1533 3231 :

216 3301 232 3333 u
249 3277 331 3339 tunc
347 3272 439 3337 enim
454 3272 648 3339 antichristi
663 3294 771 3359 regno
783 3294 900 3339 everso
915 3270 1061 3341 Ecclesia
1081 3274 1210 3363 ubique
1226 3279 1396 3339 terrarum
1410 3292 1533 3358 regna·

213 3377 265 3444 bit
284 3384 318 3445 et
335 3378 394 3443 liet
408 3382 479 3443 tam
498 3400 539 3443 ex
555 3377 687 3445 ludaeis
706 3400 812 3467 quam
830 3400 870 3445 ex
883 3379 1072 3466 gentilibus
1087 3401 1195 3446 unum
1210 3380 1298 3446 ovile
1315 3385 1347 3445 et
1361 3400 1450 3445 unus
1467 3400 1531 3467 pa-

213 3490 281 3551 stor
296 3512 325 3551 ».
339 3488 502 3573 -Atque
515 3484 607 3550 hisce
623 3484 765 3571 angelus
774 3484 912 3552 dicendi
927 3490 960 3551 et
974 3484 1168 3575 explicandi
1179 3486 1286 3551 finem
1299 3486 1398 3561 lecit3
1412 3484 1531 3551 Danie—

212 3590 279 3656 lem
299 3596 412 3657 autem
429 3610 567 3680 eaquae
580 3588 715 3657 viderat
731 3595 763 3657 et
775 3592 933 3658 audierat
949 3592 1095 3658 multum
1111 3592 1285 3659 habebant
1297 3591 1479 3658 sollicitum
1494 3614 1527 3657 v.

212 3702 254 3763 '28
275 3726 291 3756 «
308 3697 485 3785 hircosque
494 3696 576 3784 fint's
585 3697 695 3779 uerba]
709 3720 770 3787 eqo
783 3696 909 3764 Daniel
918 3698 1067 3765 mrtltrtm
1083 3698 1343 3788 copz’tutt'onz'bus
1353 3699 1437 3765 meis
1452 3720 1529 3763 eore-

213 3802 372 3870 turbabor
393 3816 427 3869 et
436 3803 544 3892 socies
556 3825 633 3869 mea
646 3815 780 3870 mutato
795 3816 842 3871 est
857 3806 894 3871 in
915 3826 988 3889 me;
1003 3804 1141 3872 verbum
1156 3818 1273 3871 cutem
1289 3804 1325 3872 in
1340 3804 1440 3873 corde
1454 3827 1527 3871 meo

213 3910 409 3976 conservavi
421 3932 458 3993 »3
481 3948 525 3959 —
543 3932 639 3977 sacro
655 3911 806 4000 quodam
827 3918 956 3979 terrore
970 3912 1201 4002 perfunditur,
1219 3914 1268 3980 ita
1286 3918 1323 3979 ut
1345 3913 1440 3979 color
1455 3913 1528 3978 eius

210 4016 323 4083 vultus
349 4019 607 4100 immutaretur3
633 4016 772 4084 verbum
795 4019 927 4107 explica
945 4018 988 4085 de
1007 4025 1077 4086 tota
1104 4040 1158 4102 re,
1179 4020 1223 4087 de
1247 4020 1376 4086 visione
1400 4026 1434 4085 et
1452 4018 1526 4086 eius

210 4121 441 4190 declaratione
458 4123 503 4190 ab
517 4122 642 4210 angelo
656 4124 764 4202 facta;
781 4134 933 4191 ceterum
946 4126 991 4193 cl.
1008 4133 1079 4207 5‚9.

249 4310 341 4387 Apud
357 4310 410 4370 SS.
428 4312 536 4371 Patres
553 4310 771 4389 interpretatio
787 4316 919 4390 quartae
936 4312 1058 4373 bestiae
1080 4312 1119 4373 de
1144 4312 1281 4391 imperio
1297 4330 1435 4374 romano
1458 4318 1525 4376 orat

210 4407 403 4481 communis;
419 4430 434 4462 α
449 4424 545 4485 quam
557 4425 631 4468 vero
648 4399 922 4470 convenienter'id
937 4409 1071 4470 iecerint
1085 4411 1139 4488 qui
1152 4428 1245 4471 nosse
1263 4399 1461 4485 desiderairt,
1478 4412 1524 4471 le-

208 4509 283 4584 gant
297 4506 475 4583 presbyteri
489 4506 673 4584 Hieronymi
694 4507 811 4568 librum
832 4507 865 4567 in
882 4506 1046 4567 Danielem
1059 4506 1137 4568 satis
1152 4508 1322 4586 diligenter
1337 4508 1523 4587 eruditeque

209 4602 426 4681 conscriptum
440 4626 472 4674 u,
489 4603 533 4662 ita
546 4602 578 4663 S.
591 4605 800 4682 Augustinus,
818 4604 857 4664 de
873 4604 937 4665 Civ.
960 4606 994 4665 D.
1017 4607 1119 4680 2033.
1136 4606 1211 4667 Inde
1231 4610 1339 4667 autem
1360 4606 1524 4668 concluse-

209 4707 283 4762 runt
303 4700 472 4761 deficiente
492 4700 629 4777 imperio
655 4719 786 4763 romano
811 4706 980 4764 venturum
1009 4720 1078 4764 asse
1106 4703 1344 4766 antichristum.
1368 4704 1524 4766 Audiatur

208 4801 239 4860 S.
257 4801 340 4861 Hier.
357 4817 397 4860 s«
414 4816 489 4876 ergo
510 4798 652 4858 dieamus
667 4800 752 4876 quod
763 4817 874 4860 omues
887 4801 1058 4879 scriptores
1075 4802 1283 4863 ecclesiastici
1296 4802 1497 4863 tradiderunt
1514 4821 1520 4861 :
