3550 5367
143 415 144 421 *
226 342 263 401 la
711 356 749 401 m:
770 357 953 403 incursuro
974 357 1060 401 mam.

224 490 315 557 tibus
327 498 360 557 et
371 512 435 581 pro
449 492 711 582 contribulibus)
729 492 874 559 alterum
890 496 940 557 est
954 493 1051 581 quasi
1065 492 1282 582 prooemium
1295 512 1363 581 qno
1380 490 1543 558 vaticinia

225 598 296 664 eius
322 603 355 665 et
378 621 464 687 quae
480 619 541 665 suo
560 600 631 686 egit
648 598 802 688 exemplo
820 620 883 689 pro
901 599 1027 687 populo
1048 620 1109 665 suo
1130 604 1208 688 apte
1228 597 1455 665 adornantur.
1479 600 1544 663 lla-

225 702 443 794 tioneitaqua
458 705 576 771 habita
596 704 742 793 duplicis
762 704 835 770 eius
856 705 1008 770 muueris
1031 704 1168 771 omnino
1190 712 1455 771 consentaneum
1474 709 1541 785 est,

225 813 263 875 ut
284 808 404 877 Daniel
427 812 554 895 insigni
578 811 694 900 aliqua
715 832 751 876 re
775 811 880 877 etiam
897 809 989 878 inter
1007 831 1083 877 suos
1108 815 1209 876 antea
1226 810 1431 890 innotescat3
1451 808 1543 875 unde

224 916 288 983 hac
308 916 350 983 de
366 939 467 983 causa
485 918 554 983 iam
570 918 722 985 narratio
742 915 801 984 illa
817 917 990 1006 aptissime
1009 936 1200 1003 congruere
1218 914 1365 982 dicenda
1384 920 1434 980 est
1452 914 1544 982 etad

223 1023 350 1089 librum
369 1024 554 1113 pertinere.

267 1132 382 1219 Capite
406 1137 427 1197 2
450 1130 562 1221 prima
592 1135 755 1199 narratur
779 1131 1009 1198 manifestatio
1034 1128 1220 1201 maiestab's
1247 1150 1287 1195 ac
1310 1128 1457 1194 dominii
1485 1128 1543 1194 Dei

225 1237 334 1303 lsrael.
355 1236 668 1303 Nabuchodonosor
685 1238 816 1303 somnio
831 1237 1097 1328 perterrefactus
1109 1242 1146 1302 ut
1158 1236 1349 1326 exploraret
1362 1240 1542 1323 possentne

224 1344 315 1429 magi
337 1365 414 1409 vere
433 1344 565 1432 occulta
584 1343 736 1432 pandere
754 1344 905 1434 postulat
919 1367 940 1410 a
954 1344 1079 1429 magis,
1098 1351 1136 1409 ut
1158 1347 1192 1408 et
1218 1341 1387 1408 somnium
1404 1341 1468 1405 sibi
1489 1340 1542 1405 in-

223 1448 336 1515 dicent
355 1454 388 1515 at
411 1449 482 1517 eius
501 1448 784 1535 significationem
806 1450 974 1540 pandant,
999 1470 1109 1538 poena
1129 1448 1251 1515 mortis
1277 1448 1455 1539 proposita
1475 1447 1541 1514 uisi

223 1556 392 1622 somnium
415 1555 570 1623 indicare
593 1557 773 1624 valuerint.
804 1559 840 1625 ui
860 1558 999 1644 negotio
1026 1556 1117 1641 magi
1143 1561 1221 1622 sunt
1239 1556 1399 1644 impares.
1423 1553 1541 1620 Daniel

224 1684 301 1728 cum
324 1663 393 1729 suis
417 1663 517 1728 sociis
540 1662 584 1729 ad
608 1685 709 1753 opem
731 1663 883 1730 divinam
906 1662 1160 1752 implorandam
1183 1661 1339 1747 confugit
1358 1667 1392 1728 et
1413 1660 1541 1728 Danieli

222 1769 393 1837 somnium
411 1770 504 1855 regis
524 1779 556 1835 et
579 1768 663 1858 quid
681 1770 866 1858 portendat
887 1769 1068 1836 revelatur.
1087 1767 1258 1837 Laudibus
1277 1773 1310 1835 et
1334 1768 1453 1856 gratiis
1475 1772 1542 1833 Deo

222 1874 401 1964 persolutis
419 1875 533 1941 Daniel
549 1876 625 1961 regi
638 1876 810 1942 somnium
824 1875 953 1941 indicat
972 1874 1065 1965 quod
1080 1874 1214 1941 viderat
1236 1873 1279 1941 de
1294 1880 1420 1958 statua,
1445 1875 1541 1940 cuius

223 1984 326 2069 caput
344 2002 383 2046 ex
396 2001 490 2061 auro,
509 1985 624 2071 pectus
643 1986 677 2047 et
689 1980 831 2048 brachia
846 2003 886 2048 ex
899 1987 1057 2067 argento,
1075 1986 1195 2047 venter
1207 1986 1240 2047 et
1250 1981 1380 2047 femora
1390 2002 1430 2045 ex
1444 2001 1539 2061 aere,

222 2084 326 2151 tibiae
349 2086 479 2153 ferreae
503 2091 600 2152 crant
624 2091 657 2152 et
680 2108 783 2176 quam
804 2088 942 2155 demum
961 2088 1047 2177 lapis
1068 2088 1111 2154 de
1125 2092 1240 2155 monte
1261 2088 1427 2154 abscissus
1450 2084 1542 2151 oom-

222 2190 362 2273 minnit,
388 2192 475 2281 lapis
497 2198 611 2259 autem
632 2193 741 2260 factus
761 2201 809 2261 est
830 2215 927 2261 mous
951 2215 1096 2280 magnus
1114 2200 1148 2260 et
1170 2194 1326 2282 implevit
1348 2194 1540 2258 universam

221 2304 360 2364 terram.
382 2301 695 2389 Interpretationem
715 2322 736 2365 a
753 2305 819 2365 Deo
838 2301 905 2367 sibi
927 2301 1113 2367 revelatam
1137 2301 1273 2391 exponit
1298 2298 1382 2384 :agi
1401 2298 1472 2364 soil.
1497 2297 1540 2363 de

223 2410 384 2493 quattuor
405 2407 521 2491 regnis
539 2428 628 2497 quae
648 2408 737 2472 inter
752 2428 786 2471 se
802 2406 984 2473 succedent
1001 2412 1034 2473 et
1055 2406 1098 2473 de
1114 2428 1220 2493 reguo
1240 2404 1332 2495 quod
1353 2409 1438 2470 Deus
1457 2404 1540 2470 coeli

222 2510 398 2578 suscitabit
413 2517 444 2577 et
460 2511 552 2600 quod
564 2514 600 2579 in
620 2516 795 2579 aeternum
817 2513 933 2582 stabit.
951 2518 1018 2579 Rex
1038 2512 1248 2603 stupefactus
1266 2510 1415 2602 procidit
1433 2511 1470 2576 in
1484 2511 1535 2576 fa-

223 2618 327 2701 ciem,
352 2620 408 2683 Dei
429 2617 574 2684 Danielis
594 2620 814 2685 eminentiam
840 2642 881 2685 ao
909 2620 1085 2686 scientiam
1106 2620 1261 2705 agnoscit
1281 2638 1359 2683 eum
1378 2617 1540 2706 profitens

222 2729 329 2791 Deam
350 2724 488 2791 deorum
502 2738 535 2790 ct
549 2726 734 2791 Dominum
751 2748 871 2815 requos
886 2732 921 2792 et
939 2727 1068 2792 Danieli
1089 2726 1149 2792 dat
1168 2746 1340 2791 summum
1358 2724 1539 2811 magistra-

221 2838 294 2897 tum
320 2831 354 2897 in
377 2832 551 2920 provincia
572 2831 686 2897 Babel.
718 2833 776 2897 llic
800 2834 917 2921 itaque
944 2833 1019 2919 regi
1046 2832 1091 2899 ad
1121 2832 1259 2900 oculum
1288 2832 1540 2897 demonstratur

217 2942 326 3007 ,Deum
337 2938 536 3004 ludaeorum
548 2938 667 3005 abdita
679 2938 833 3005 cordium
847 2944 1027 3029 penetrare
1040 2946 1074 3005 et
1083 2961 1198 3005 rerum
1209 2938 1403 3025 futurarum
1411 2936 1540 3003 habere

221 3044 394 3111 scientiam
409 3050 443 3111 et
456 3044 661 3127 dominium,
681 3045 773 3112 unde
788 3068 864 3111 cum
886 3049 990 3113 etiam
1009 3046 1195 3112 Dominum
1212 3068 1331 3134 repam
1350 3043 1537 3135 praedicat.

265 3155 300 3217 ln
316 3151 424 3218 altero
450 3158 573 3219 eventu
595 3154 705 3239 magis
728 3154 965 3219 manifestatur
988 3159 1137 3243 potestas
1159 3153 1217 3219 Dei
1238 3157 1270 3218 et
1293 3151 1484 3218 dominium
1503 3148 1540 3215 in

222 3280 275 3324 res
294 3262 439 3337 creatas,
452 3260 488 3324 in
504 3259 680 3326 elementa.
700 3265 783 3327 Cum
799 3261 891 3326 enim
906 3283 964 3325 rex
981 3266 1127 3326 statuam
1146 3261 1304 3325 erexisset
1317 3256 1373 3323 dei
1389 3258 1441 3323 sui
1453 3258 1539 3324 eius-

221 3386 288 3454 que
306 3364 537 3431 adorationem
558 3387 665 3453 poena
690 3366 783 3452 iguis
801 3368 975 3455 proposita
995 3366 1038 3432 ab
1057 3366 1216 3432 omnibus
1236 3366 1447 3455 postulasset,
1470 3371 1538 3430 tres

222 3472 377 3551 iuvenes²
399 3471 480 3536 socii
500 3471 660 3552 Danielis,
678 3472 722 3536 ad
737 3493 857 3538 sonum
878 3472 1022 3538 musices
1040 3494 1109 3538 non
1134 3494 1168 3537 se
1186 3478 1405 3560 prosteruunt
1425 3493 1536 3558 neque

221 3576 352 3642 idolum
368 3558 584 3643 venerantur.
603 3581 712 3654 Quare
727 3579 764 3643 iu
778 3579 952 3644 fornacem
968 3579 1058 3664 iguis
1072 3578 1221 3644 ardentis
1236 3577 1417 3643 mittuntur
1431 3596 1535 3663 quarn

221 3704 279 3749 rex
294 3682 436 3749 iusserat
450 3682 608 3751 succendi
624 3684 817 3773 septuplum
833 3704 937 3772 quam
952 3684 1113 3751 succendi
1131 3687 1361 3750 consueverat.
1379 3682 1536 3749 Flammis

221 3788 478 3879 erumpentibus
500 3789 701 3856 occiduntur
723 3790 869 3856 ministri
892 3791 984 3877 regis
1002 3791 1061 3879 qui
1086 3791 1227 3857 iuvenes
1249 3790 1285 3855 in
1312 3790 1460 3855 maxima
1478 3788 1536 3855 illa

221 3895 379 3962 incendia
394 3895 565 3979 iniiciuut,
587 3897 726 3963 iuvenes
744 3903 858 3963 autem
877 3896 944 3985 ipsi
961 3898 1086 3983 angelo
1108 3894 1331 3963 descendente
1351 3896 1537 3961 incolumes

221 4008 410 4069 servantur.
437 4003 530 4080 Quod
546 4026 603 4069 rex
623 4004 789 4071 attonitus
807 4026 882 4070 mox
900 4004 1049 4070 advertit
1063 4009 1097 4070 et
1113 4024 1229 4071 eoram
1248 4002 1394 4092 satrapis
1415 4007 1448 4068 et
1462 4023 1536 4066 ma-

221 4109 422 4196 gistratibus
436 4110 647 4177 etiudioibus
660 4117 694 4177 et
707 4110 904 4201 potentibus
920 4112 1018 4197 regni
1034 4115 1139 4176 Deum
1153 4111 1423 4200 potentissimum
1439 4130 1536 4198 prae-

222 4214 312 4281 dicat
333 4221 366 4279 ct
389 4215 563 4283 decretum
588 4216 658 4283 edit
679 4217 863 4307 prohibens
884 4218 1023 4306 nequis
1047 4217 1211 4308 loquatur
1228 4216 1478 4305 blasphemiam
1500 4215 1537 4282 in

220 4327 326 4389 Deum
347 4322 448 4388 lsrael
471 4324 669 4409 gravissima
693 4346 803 4414 poena
822 4324 1102 4414 delinquentibus
1123 4325 1298 4390 intentata.
1322 4327 1407 4387 llaec
1427 4322 1536 4388 mani·

220 4429 352 4495 festatio
379 4429 448 4494 iam
470 4434 518 4495 est
546 4432 660 4521 priore
688 4430 863 4499 illustrior.
883 4437 998 4521 Neque
1017 4431 1109 4497 enim
1133 4431 1172 4497 fit
1195 4430 1304 4497 solum
1325 4430 1361 4496 iu
1383 4430 1462 4495 aula
1479 4450 1534 4494 re-

219 4535 278 4623 gia
303 4540 336 4603 et
356 4557 471 4602 coram
496 4536 614 4603 aulicis
643 4543 677 4604 et
697 4539 824 4624 magis,
847 4538 907 4605 sed
928 4539 966 4603 fit
987 4558 1103 4605 coram
1125 4538 1292 4604 immensa
1314 4536 1533 4601 multitudine

219 4666 259 4711 ex
284 4643 386 4709 variis
412 4641 570 4728 gentibus
591 4645 731 4712 collecta
756 4652 789 4712 ct
810 4666 926 4712 coram
952 4644 1125 4711 nobilibus
1154 4644 1270 4730 regni3
1301 4665 1413 4731 neque
1442 4642 1533 4708 solus

220 4769 278 4819 rex
296 4750 355 4817 Dei
369 4748 488 4817 laudes
504 4750 699 4839 profitetua
712 4774 832 4819 verum
852 4755 997 4841 potestas
1015 4752 1087 4818 eius
1112 4748 1271 4817 omnibus
1292 4749 1446 4840 populis,
1469 4748 1531 4814 tri-
