<?xml version="1.0" encoding="UTF-8"?>
<!DOCTYPE html PUBLIC "-//W3C//DTD XHTML 1.0 Transitional//EN"
    "http://www.w3.org/TR/xhtml1/DTD/xhtml1-transitional.dtd">
<html xmlns="http://www.w3.org/1999/xhtml" xml:lang="en" lang="en">
 <head>
  <title>
</title>
<meta http-equiv="Content-Type" content="text/html;charset=utf-8" />
  <meta name='ocr-system' content='tesseract 3.04.00' />
  <meta name='ocr-capabilities' content='ocr_page ocr_carea ocr_par ocr_line ocrx_word'/>
</head>
<body>
  <div class='ocr_page' id='page_1' title='image "./commentariusind01knabgoog_0348.png"; bbox 0 0 3550 5367; ppageno 0'>
   <div class='ocr_carea' id='block_1_1' title="bbox 287 295 1078 365">
    <p class='ocr_par' dir='ltr' id='par_1_1' title="bbox 287 295 1078 365">
     <span class='ocr_line' id='line_1_1' title="bbox 287 295 1078 365; baseline -0.006 -7"><span class='ocrx_word' id='word_1_1' title='bbox 287 297 345 358; x_wconf 81' lang='lat'>336</span> <span class='ocrx_word' id='word_1_2' title='bbox 799 295 879 354; x_wconf 73' lang='lat' dir='ltr'>Dan.</span> <span class='ocrx_word' id='word_1_3' title='bbox 910 296 959 365; x_wconf 77' lang='lat'>13,</span> <span class='ocrx_word' id='word_1_4' title='bbox 983 295 1078 354; x_wconf 67' lang='lat' dir='ltr'>att-m</span> 
     </span>
    </p>
   </div>
   <div class='ocr_carea' id='block_1_2' title="bbox 286 441 1606 1698">
    <p class='ocr_par' dir='ltr' id='par_1_2' title="bbox 286 441 1606 1698">
     <span class='ocr_line' id='line_1_2' title="bbox 287 441 1606 539; baseline -0.004 -24"><span class='ocrx_word' id='word_1_5' title='bbox 287 469 425 539; x_wconf 90' lang='lat' dir='ltr'>sperans</span> <span class='ocrx_word' id='word_1_6' title='bbox 444 445 608 512; x_wconf 83' lang='lat' dir='ltr'>auxilium</span> <span class='ocrx_word' id='word_1_7' title='bbox 631 443 684 530; x_wconf 82' lang='lat' dir='ltr'>(cf.</span> <span class='ocrx_word' id='word_1_8' title='bbox 703 467 737 511; x_wconf 89' lang='lat' dir='ltr'>v.</span> <span class='ocrx_word' id='word_1_9' title='bbox 755 445 812 533; x_wconf 84' lang='lat'>35)</span> <span class='ocrx_word' id='word_1_10' title='bbox 829 445 888 534; x_wconf 91' lang='lat' dir='ltr'>qui</span> <span class='ocrx_word' id='word_1_11' title='bbox 904 445 938 509; x_wconf 90' lang='lat' dir='ltr'>in</span> <span class='ocrx_word' id='word_1_12' title='bbox 951 450 1065 510; x_wconf 90' lang='lat' dir='ltr'>vetere</span> <span class='ocrx_word' id='word_1_13' title='bbox 1078 441 1214 510; x_wconf 90' lang='lat' dir='ltr'>foedere</span> <span class='ocrx_word' id='word_1_14' title='bbox 1225 443 1342 510; x_wconf 90' lang='lat' dir='ltr'>virtuti</span> <span class='ocrx_word' id='word_1_15' title='bbox 1356 443 1459 510; x_wconf 88' lang='lat' dir='ltr'>etiam</span> <span class='ocrx_word' id='word_1_16' title='bbox 1473 463 1606 510; x_wconf 88' lang='lat' dir='ltr'>merce·</span> 
     </span>
     <span class='ocr_line' id='line_1_3' title="bbox 287 550 1601 642; baseline -0.002 -22"><span class='ocrx_word' id='word_1_17' title='bbox 287 554 364 620; x_wconf 92' lang='lat' dir='ltr'>dem</span> <span class='ocrx_word' id='word_1_18' title='bbox 380 551 601 642; x_wconf 77' lang='lat' dir='ltr'>temporalem</span> <span class='ocrx_word' id='word_1_19' title='bbox 625 550 842 641; x_wconf 81' lang='lat' dir='ltr'><strong>promiserat.</strong></span> <span class='ocrx_word' id='word_1_20' title='bbox 861 555 969 630; x_wconf 80' lang='lat' dir='ltr'><strong>Quare</strong></span> <span class='ocrx_word' id='word_1_21' title='bbox 984 555 1056 616; x_wconf 86' lang='lat' dir='ltr'>tuto</span> <span class='ocrx_word' id='word_1_22' title='bbox 1070 571 1145 616; x_wconf 89' lang='lat' dir='ltr'>rem</span> <span class='ocrx_word' id='word_1_23' title='bbox 1159 555 1225 617; x_wconf 90' lang='lat' dir='ltr'>Deo</span> <span class='ocrx_word' id='word_1_24' title='bbox 1247 551 1459 618; x_wconf 82' lang='lat' dir='ltr'><strong>committere</strong></span> <span class='ocrx_word' id='word_1_25' title='bbox 1476 555 1601 638; x_wconf 89' lang='lat' dir='ltr'>potest.</span> 
     </span>
     <span class='ocr_line' id='line_1_4' title="bbox 287 656 1603 746; baseline -0.003 -20"><span class='ocrx_word' id='word_1_26' title='bbox 287 663 443 727; x_wconf 87' lang='lat' dir='ltr'>Ceterum</span> <span class='ocrx_word' id='word_1_27' title='bbox 465 659 549 725; x_wconf 88' lang='lat' dir='ltr'>haec</span> <span class='ocrx_word' id='word_1_28' title='bbox 569 658 744 724; x_wconf 90' lang='lat' dir='ltr'>sollemnis</span> <span class='ocrx_word' id='word_1_29' title='bbox 763 659 822 723; x_wconf 89' lang='lat' dir='ltr'>Dei</span> <span class='ocrx_word' id='word_1_30' title='bbox 843 657 936 723; x_wconf 86' lang='lat' dir='ltr'>testis</span> <span class='ocrx_word' id='word_1_31' title='bbox 959 657 1173 724; x_wconf 79' lang='lat' dir='ltr'>innocentiae</span> <span class='ocrx_word' id='word_1_32' title='bbox 1194 656 1362 723; x_wconf 79' lang='lat' dir='ltr'>invocatio</span> <span class='ocrx_word' id='word_1_33' title='bbox 1386 677 1426 724; x_wconf 91' lang='lat' dir='ltr'>eo</span> <span class='ocrx_word' id='word_1_34' title='bbox 1446 661 1603 746; x_wconf 89' lang='lat' dir='ltr'>tempore</span> 
     </span>
     <span class='ocr_line' id='line_1_5' title="bbox 287 761 1602 858; baseline -0.004 -25"><span class='ocrx_word' id='word_1_35' title='bbox 287 767 436 858; x_wconf 90' lang='lat' dir='ltr'>quoiam</span> <span class='ocrx_word' id='word_1_36' title='bbox 448 765 491 832; x_wconf 91' lang='lat' dir='ltr'>ad</span> <span class='ocrx_word' id='word_1_37' title='bbox 509 769 654 831; x_wconf 90' lang='lat' dir='ltr'>mortem</span> <span class='ocrx_word' id='word_1_38' title='bbox 669 763 859 830; x_wconf 89' lang='lat' dir='ltr'>ducebatur</span> <span class='ocrx_word' id='word_1_39' title='bbox 877 768 958 853; x_wconf 90' lang='lat' dir='ltr'>apta</span> <span class='ocrx_word' id='word_1_40' title='bbox 973 784 1112 852; x_wconf 87' lang='lat' dir='ltr'>quoque</span> <span class='ocrx_word' id='word_1_41' title='bbox 1127 768 1200 829; x_wconf 90' lang='lat' dir='ltr'>erat</span> <span class='ocrx_word' id='word_1_42' title='bbox 1217 783 1287 852; x_wconf 90' lang='lat' dir='ltr'>qua</span> <span class='ocrx_word' id='word_1_43' title='bbox 1304 762 1433 829; x_wconf 88' lang='lat' dir='ltr'>iudices</span> <span class='ocrx_word' id='word_1_44' title='bbox 1446 761 1602 853; x_wconf 87' lang='lat' dir='ltr'>pruden-</span> 
     </span>
     <span class='ocr_line' id='line_1_6' title="bbox 286 869 1602 958; baseline -0.004 -19"><span class='ocrx_word' id='word_1_45' title='bbox 286 882 336 939; x_wconf 87' lang='lat' dir='ltr'>tes</span> <span class='ocrx_word' id='word_1_46' title='bbox 351 873 482 939; x_wconf 89' lang='lat' dir='ltr'>moneri</span> <span class='ocrx_word' id='word_1_47' title='bbox 502 877 536 937; x_wconf 93' lang='lat' dir='ltr'>et</span> <span class='ocrx_word' id='word_1_48' title='bbox 558 870 695 937; x_wconf 83' lang='lat' dir='ltr'>excitari</span> <span class='ocrx_word' id='word_1_49' title='bbox 719 869 899 947; x_wconf 88' lang='lat' dir='ltr'>deberent,</span> <span class='ocrx_word' id='word_1_50' title='bbox 916 873 954 936; x_wconf 92' lang='lat' dir='ltr'>ut</span> <span class='ocrx_word' id='word_1_51' title='bbox 969 869 1190 958; x_wconf 81' lang='lat' dir='ltr'>inquisitione</span> <span class='ocrx_word' id='word_1_52' title='bbox 1207 869 1296 936; x_wconf 85' lang='lat' dir='ltr'>lacta</span> <span class='ocrx_word' id='word_1_53' title='bbox 1315 890 1389 935; x_wconf 88' lang='lat' dir='ltr'>rem</span> <span class='ocrx_word' id='word_1_54' title='bbox 1407 871 1602 936; x_wconf 77' lang='lat' dir='ltr'>accuratius</span> 
     </span>
     <span class='ocr_line' id='line_1_7' title="bbox 287 974 1600 1065; baseline -0.005 -19"><span class='ocrx_word' id='word_1_55' title='bbox 287 979 531 1046; x_wconf 82' lang='lat' dir='ltr'>examinarent.</span> <span class='ocrx_word' id='word_1_56' title='bbox 551 980 704 1042; x_wconf 89' lang='lat' dir='ltr'>Susanna</span> <span class='ocrx_word' id='word_1_57' title='bbox 724 977 838 1065; x_wconf 87' lang='lat' dir='ltr'>itaque</span> <span class='ocrx_word' id='word_1_58' title='bbox 852 977 947 1042; x_wconf 91' lang='lat' dir='ltr'>omni</span> <span class='ocrx_word' id='word_1_59' title='bbox 966 997 1007 1042; x_wconf 85' lang='lat' dir='ltr'>ex</span> <span class='ocrx_word' id='word_1_60' title='bbox 1020 981 1118 1064; x_wconf 88' lang='lat' dir='ltr'>parte</span> <span class='ocrx_word' id='word_1_61' title='bbox 1137 980 1172 1041; x_wconf 89' lang='lat' dir='ltr'>et</span> <span class='ocrx_word' id='word_1_62' title='bbox 1187 976 1241 1065; x_wconf 88' lang='lat' dir='ltr'>pic</span> <span class='ocrx_word' id='word_1_63' title='bbox 1256 983 1290 1042; x_wconf 90' lang='lat' dir='ltr'>et</span> <span class='ocrx_word' id='word_1_64' title='bbox 1303 974 1490 1064; x_wconf 85' lang='lat' dir='ltr'>prudenter</span> <span class='ocrx_word' id='word_1_65' title='bbox 1506 977 1600 1062; x_wconf 79' lang='lat' dir='ltr'>egit3</span> 
     </span>
     <span class='ocr_line' id='line_1_8' title="bbox 287 1080 1604 1174; baseline -0.003 -22"><span class='ocrx_word' id='word_1_66' title='bbox 287 1084 445 1152; x_wconf 90' lang='lat' dir='ltr'>miranda</span> <span class='ocrx_word' id='word_1_67' title='bbox 464 1105 601 1174; x_wconf 89' lang='lat' dir='ltr'>quoque</span> <span class='ocrx_word' id='word_1_68' title='bbox 623 1086 671 1150; x_wconf 86' lang='lat' dir='ltr'>est</span> <span class='ocrx_word' id='word_1_69' title='bbox 697 1083 802 1150; x_wconf 88' lang='lat' dir='ltr'>animi</span> <span class='ocrx_word' id='word_1_70' title='bbox 825 1080 1095 1171; x_wconf 83' lang='lat' dir='ltr'>moderatioque</span> <span class='ocrx_word' id='word_1_71' title='bbox 1110 1081 1152 1148; x_wconf 91' lang='lat' dir='ltr'>de</span> <span class='ocrx_word' id='word_1_72' title='bbox 1169 1080 1340 1148; x_wconf 89' lang='lat' dir='ltr'>sceleratis</span> <span class='ocrx_word' id='word_1_73' title='bbox 1362 1081 1429 1148; x_wconf 93' lang='lat' dir='ltr'>illis</span> <span class='ocrx_word' id='word_1_74' title='bbox 1446 1081 1604 1170; x_wconf 90' lang='lat' dir='ltr'>loquitur</span> 
     </span>
     <span class='ocr_line' id='line_1_9' title="bbox 288 1187 1603 1281; baseline -0.003 -23"><span class='ocrx_word' id='word_1_75' title='bbox 288 1191 393 1281; x_wconf 87' lang='lat' dir='ltr'>quiet</span> <span class='ocrx_word' id='word_1_76' title='bbox 406 1191 573 1260; x_wconf 89' lang='lat' dir='ltr'>honorem</span> <span class='ocrx_word' id='word_1_77' title='bbox 588 1194 621 1256; x_wconf 89' lang='lat' dir='ltr'>et</span> <span class='ocrx_word' id='word_1_78' title='bbox 634 1190 742 1256; x_wconf 91' lang='lat' dir='ltr'>vitam</span> <span class='ocrx_word' id='word_1_79' title='bbox 756 1189 787 1255; x_wconf 91' lang='lat' dir='ltr'>ei</span> <span class='ocrx_word' id='word_1_80' title='bbox 805 1187 937 1278; x_wconf 88' lang='lat' dir='ltr'>cripere</span> <span class='ocrx_word' id='word_1_81' title='bbox 951 1188 1152 1274; x_wconf 83' lang='lat' dir='ltr'>gestiebant.</span> <span class='ocrx_word' id='word_1_82' title='bbox 1170 1189 1291 1254; x_wconf 75' lang='lat' dir='ltr'>Animo</span> <span class='ocrx_word' id='word_1_83' title='bbox 1305 1187 1439 1278; x_wconf 90' lang='lat' dir='ltr'>placido</span> <span class='ocrx_word' id='word_1_84' title='bbox 1453 1192 1603 1254; x_wconf 83' lang='lat' dir='ltr'>mortem</span> 
     </span>
     <span class='ocr_line' id='line_1_10' title="bbox 287 1294 1604 1388; baseline -0.002 -24"><span class='ocrx_word' id='word_1_85' title='bbox 287 1298 475 1388; x_wconf 88' lang='lat' dir='ltr'>opperitur,</span> <span class='ocrx_word' id='word_1_86' title='bbox 492 1296 620 1362; x_wconf 86' lang='lat' dir='ltr'>nullius</span> <span class='ocrx_word' id='word_1_87' title='bbox 637 1295 709 1363; x_wconf 89' lang='lat' dir='ltr'>soil.</span> <span class='ocrx_word' id='word_1_88' title='bbox 736 1295 887 1362; x_wconf 88' lang='lat' dir='ltr'>criminis</span> <span class='ocrx_word' id='word_1_89' title='bbox 910 1294 975 1361; x_wconf 90' lang='lat' dir='ltr'>sibi</span> <span class='ocrx_word' id='word_1_90' title='bbox 994 1296 1140 1362; x_wconf 87' lang='lat' dir='ltr'>conscia.</span> <span class='ocrx_word' id='word_1_91' title='bbox 1163 1298 1245 1362; x_wconf 83' lang='lat' dir='ltr'>Rem</span> <span class='ocrx_word' id='word_1_92' title='bbox 1266 1315 1362 1361; x_wconf 89' lang='lat' dir='ltr'>suam</span> <span class='ocrx_word' id='word_1_93' title='bbox 1382 1297 1450 1360; x_wconf 88' lang='lat' dir='ltr'>Deo</span> <span class='ocrx_word' id='word_1_94' title='bbox 1463 1295 1604 1384; x_wconf 82' lang='lat' dir='ltr'>exponit</span> 
     </span>
     <span class='ocr_line' id='line_1_11' title="bbox 287 1399 1603 1493; baseline -0.002 -23"><span class='ocrx_word' id='word_1_95' title='bbox 287 1425 398 1493; x_wconf 91' lang='lat' dir='ltr'>neque</span> <span class='ocrx_word' id='word_1_96' title='bbox 417 1403 525 1493; x_wconf 87' lang='lat' dir='ltr'>poscit</span> <span class='ocrx_word' id='word_1_97' title='bbox 546 1403 757 1492; x_wconf 86' lang='lat' dir='ltr'>importune,</span> <span class='ocrx_word' id='word_1_98' title='bbox 776 1409 812 1468; x_wconf 92' lang='lat' dir='ltr'>ut</span> <span class='ocrx_word' id='word_1_99' title='bbox 833 1423 867 1467; x_wconf 89' lang='lat' dir='ltr'>se</span> <span class='ocrx_word' id='word_1_100' title='bbox 890 1401 1044 1491; x_wconf 87' lang='lat' dir='ltr'>periculo</span> <span class='ocrx_word' id='word_1_101' title='bbox 1064 1401 1187 1491; x_wconf 89' lang='lat' dir='ltr'>eripiat</span> <span class='ocrx_word' id='word_1_102' title='bbox 1204 1399 1264 1468; x_wconf 88' lang='lat' dir='ltr'>sed</span> <span class='ocrx_word' id='word_1_103' title='bbox 1285 1402 1401 1468; x_wconf 90' lang='lat' dir='ltr'>omnia</span> <span class='ocrx_word' id='word_1_104' title='bbox 1419 1401 1476 1467; x_wconf 86' lang='lat' dir='ltr'>Dei</span> <span class='ocrx_word' id='word_1_105' title='bbox 1492 1401 1603 1468; x_wconf 90' lang='lat' dir='ltr'>bene-</span> 
     </span>
     <span class='ocr_line' id='line_1_12' title="bbox 287 1506 1601 1600; baseline -0.002 -24"><span class='ocrx_word' id='word_1_106' title='bbox 287 1510 411 1600; x_wconf 88' lang='lat' dir='ltr'>placito</span> <span class='ocrx_word' id='word_1_107' title='bbox 431 1509 597 1598; x_wconf 87' lang='lat' dir='ltr'>relinquit</span> <span class='ocrx_word' id='word_1_108' title='bbox 618 1529 693 1576; x_wconf 87' lang='lat' dir='ltr'>eam</span> <span class='ocrx_word' id='word_1_109' title='bbox 709 1529 792 1597; x_wconf 91' lang='lat' dir='ltr'>prae</span> <span class='ocrx_word' id='word_1_110' title='bbox 810 1529 844 1573; x_wconf 89' lang='lat' dir='ltr'>se</span> <span class='ocrx_word' id='word_1_111' title='bbox 866 1507 977 1574; x_wconf 81' lang='lat' dir='ltr'>serens</span> <span class='ocrx_word' id='word_1_112' title='bbox 995 1512 1145 1574; x_wconf 89' lang='lat' dir='ltr'>mentem</span> <span class='ocrx_word' id='word_1_113' title='bbox 1168 1529 1274 1596; x_wconf 87' lang='lat' dir='ltr'>quam</span> <span class='ocrx_word' id='word_1_114' title='bbox 1292 1508 1398 1574; x_wconf 90' lang='lat' dir='ltr'>etiam</span> <span class='ocrx_word' id='word_1_115' title='bbox 1415 1506 1601 1574; x_wconf 85' lang='lat' dir='ltr'>ostendunt</span> 
     </span>
     <span class='ocr_line' id='line_1_13' title="bbox 287 1603 1149 1698; baseline -0.003 -16"><span class='ocrx_word' id='word_1_116' title='bbox 287 1626 355 1684; x_wconf 88' lang='lat' dir='ltr'>tres</span> <span class='ocrx_word' id='word_1_117' title='bbox 371 1615 422 1683; x_wconf 94' lang='lat' dir='ltr'>illi</span> <span class='ocrx_word' id='word_1_118' title='bbox 439 1617 576 1682; x_wconf 82' lang='lat' dir='ltr'>invenes</span> <span class='ocrx_word' id='word_1_119' title='bbox 592 1621 684 1698; x_wconf 77' lang='lat'>3,1‘1.</span> <span class='ocrx_word' id='word_1_120' title='bbox 703 1620 757 1682; x_wconf 83' lang='lat'>18.</span> <span class='ocrx_word' id='word_1_121' title='bbox 1145 1603 1149 1610; x_wconf 68' lang='grc'>’</span> 
     </span>
    </p>
   </div>
   <div class='ocr_carea' id='block_1_3' title="bbox 601 1846 1286 1916">
    <p class='ocr_par' dir='ltr' id='par_1_3' title="bbox 601 1846 1286 1916">
     <span class='ocr_line' id='line_1_14' title="bbox 601 1846 1286 1916; baseline 0.001 -16"><span class='ocrx_word' id='word_1_122' title='bbox 601 1847 624 1916; x_wconf 74' lang='lat' dir='ltr'>ct</span> <span class='ocrx_word' id='word_1_123' title='bbox 645 1847 727 1902; x_wconf 69' lang='lat' dir='ltr'>Eius</span> <span class='ocrx_word' id='word_1_124' title='bbox 745 1849 938 1901; x_wconf 74' lang='lat' dir='ltr'>marcentia</span> <span class='ocrx_word' id='word_1_125' title='bbox 955 1848 1076 1913; x_wconf 77' lang='lat' dir='ltr'>patefit</span> <span class='ocrx_word' id='word_1_126' title='bbox 1098 1846 1151 1914; x_wconf 78' lang='lat'>18,</span> <span class='ocrx_word' id='word_1_127' title='bbox 1170 1848 1286 1902; x_wconf 65' lang='grc'><strong>45434.</strong></span> 
     </span>
    </p>
   </div>
   <div class='ocr_carea' id='block_1_4' title="bbox 287 2039 1605 4045">
    <p class='ocr_par' dir='ltr' id='par_1_4' title="bbox 287 2039 1605 4045">
     <span class='ocr_line' id='line_1_15' title="bbox 332 2039 1602 2130; baseline 0 -22"><span class='ocrx_word' id='word_1_128' title='bbox 332 2046 418 2108; x_wconf 87' lang='lat' dir='ltr'>Deus</span> <span class='ocrx_word' id='word_1_129' title='bbox 437 2061 556 2108; x_wconf 90' lang='lat' dir='ltr'>vocem</span> <span class='ocrx_word' id='word_1_130' title='bbox 576 2041 648 2108; x_wconf 87' lang='lat' dir='ltr'>eius</span> <span class='ocrx_word' id='word_1_131' title='bbox 663 2039 850 2118; x_wconf 82' lang='lat' dir='ltr'>exaudivit3</span> <span class='ocrx_word' id='word_1_132' title='bbox 869 2063 900 2105; x_wconf 89' lang='lat' dir='ltr'>v.</span> <span class='ocrx_word' id='word_1_133' title='bbox 919 2046 961 2108; x_wconf 80' lang='lat' dir='ltr'>t5</span> <span class='ocrx_word' id='word_1_134' title='bbox 980 2070 995 2101; x_wconf 88' lang='lat'>«</span> <span class='ocrx_word' id='word_1_135' title='bbox 1015 2043 1169 2130; x_wconf 82' lang='lat' dir='ltr'>Cumque</span> <span class='ocrx_word' id='word_1_136' title='bbox 1184 2039 1365 2108; x_wconf 71' lang='lat' dir='ltr'>deiceretur</span> <span class='ocrx_word' id='word_1_137' title='bbox 1378 2039 1427 2108; x_wconf 85' lang='lat' dir='ltr'>ad</span> <span class='ocrx_word' id='word_1_138' title='bbox 1438 2055 1602 2125; x_wconf 81' lang='lat' dir='ltr'>mortem,</span> 
     </span>
     <span class='ocr_line' id='line_1_16' title="bbox 287 2147 1605 2238; baseline -0.001 -22"><span class='ocrx_word' id='word_1_139' title='bbox 287 2149 461 2216; x_wconf 82' lang='lat' dir='ltr'>suscitarit</span> <span class='ocrx_word' id='word_1_140' title='bbox 476 2147 640 2214; x_wconf 83' lang='lat' dir='ltr'>Dominus</span> <span class='ocrx_word' id='word_1_141' title='bbox 655 2147 814 2238; x_wconf 82' lang='lat' dir='ltr'>spiritum</span> <span class='ocrx_word' id='word_1_142' title='bbox 832 2157 987 2213; x_wconf 75' lang='lat' dir='ltr'>sorvorum</span> <span class='ocrx_word' id='word_1_143' title='bbox 1001 2147 1109 2237; x_wconf 71' lang='lat' dir='ltr'>pareri</span> <span class='ocrx_word' id='word_1_144' title='bbox 1120 2147 1262 2214; x_wconf 78' lang='lat' dir='ltr'>iunioris</span> <span class='ocrx_word' id='word_1_145' title='bbox 1280 2148 1375 2215; x_wconf 84' lang='lat' dir='ltr'>cuius</span> <span class='ocrx_word' id='word_1_146' title='bbox 1392 2171 1516 2215; x_wconf 88' lang='lat' dir='ltr'>nomen</span> <span class='ocrx_word' id='word_1_147' title='bbox 1532 2152 1605 2216; x_wconf 85' lang='lat' dir='ltr'>Do-</span> 
     </span>
     <span class='ocr_line' id='line_1_17' title="bbox 287 2252 1605 2346; baseline 0 -24"><span class='ocrx_word' id='word_1_148' title='bbox 287 2254 359 2322; x_wconf 86' lang='lat' dir='ltr'>niel</span> <span class='ocrx_word' id='word_1_149' title='bbox 376 2278 410 2322; x_wconf 94' lang='lat' dir='ltr'>v.</span> <span class='ocrx_word' id='word_1_150' title='bbox 437 2261 479 2322; x_wconf 75' lang='lat' dir='ltr'>tt</span> <span class='ocrx_word' id='word_1_151' title='bbox 502 2267 534 2320; x_wconf 84' lang='lat' dir='ltr'>et</span> <span class='ocrx_word' id='word_1_152' title='bbox 555 2253 760 2322; x_wconf 69' lang='lat' dir='ltr'>exclamauit</span> <span class='ocrx_word' id='word_1_153' title='bbox 782 2275 861 2320; x_wconf 84' lang='lat' dir='ltr'>voce</span> <span class='ocrx_word' id='word_1_154' title='bbox 876 2275 1030 2342; x_wconf 76' lang='lat' dir='ltr'>mopnu:</span> <span class='ocrx_word' id='word_1_155' title='bbox 1050 2252 1196 2320; x_wconf 86' lang='lat' dir='ltr'>mundus</span> <span class='ocrx_word' id='word_1_156' title='bbox 1216 2277 1277 2344; x_wconf 76' lang='lat' dir='ltr'>epo</span> <span class='ocrx_word' id='word_1_157' title='bbox 1296 2277 1372 2321; x_wconf 90' lang='lat' dir='ltr'>sum</span> <span class='ocrx_word' id='word_1_158' title='bbox 1396 2278 1417 2322; x_wconf 87' lang='lat' dir='ltr'>a</span> <span class='ocrx_word' id='word_1_159' title='bbox 1436 2254 1605 2346; x_wconf 74' lang='lat' dir='ltr'>sanquine</span> 
     </span>
     <span class='ocr_line' id='line_1_18' title="bbox 287 2345 1602 2452; baseline -0.001 -23"><span class='ocrx_word' id='word_1_160' title='bbox 287 2361 387 2429; x_wconf 80' lang='lat' dir='ltr'>huius</span> <span class='ocrx_word' id='word_1_161' title='bbox 404 2365 439 2426; x_wconf 85' lang='lat' dir='ltr'>»t</span> <span class='ocrx_word' id='word_1_162' title='bbox 466 2400 510 2410; x_wconf 95' lang='lat'><strong>—</strong></span> <span class='ocrx_word' id='word_1_163' title='bbox 534 2363 720 2428; x_wconf 89' lang='lat' dir='ltr'>secundum</span> <span class='ocrx_word' id='word_1_164' title='bbox 748 2364 827 2428; x_wconf 85' lang='lat' dir='ltr'>LXX</span> <span class='ocrx_word' id='word_1_165' title='bbox 853 2360 998 2445; x_wconf 81' lang='lat' dir='ltr'>angelus</span> <span class='ocrx_word' id='word_1_166' title='bbox 1019 2345 1152 2427; x_wconf 83' lang='lat' dir='ltr'>Domini</span> <span class='ocrx_word' id='word_1_167' title='bbox 1179 2360 1273 2427; x_wconf 91' lang='lat' dir='ltr'>dedit</span> <span class='ocrx_word' id='word_1_168' title='bbox 1293 2361 1423 2428; x_wconf 78' lang='lat' dir='ltr'>Danieli</span> <span class='ocrx_word' id='word_1_169' title='bbox 1440 2361 1602 2452; x_wconf 85' lang='lat' dir='ltr'>spiritum</span> 
     </span>
     <span class='ocr_line' id='line_1_19' title="bbox 287 2466 1605 2556; baseline -0.001 -21"><span class='ocrx_word' id='word_1_170' title='bbox 287 2469 547 2554; x_wconf 79' lang='lat' dir='ltr'>intelligentiae,</span> <span class='ocrx_word' id='word_1_171' title='bbox 561 2467 677 2533; x_wconf 90' lang='lat' dir='ltr'>Daniel</span> <span class='ocrx_word' id='word_1_172' title='bbox 688 2466 857 2556; x_wconf 91' lang='lat' dir='ltr'>populum</span> <span class='ocrx_word' id='word_1_173' title='bbox 873 2467 996 2532; x_wconf 88' lang='lat' dir='ltr'>retinet</span> <span class='ocrx_word' id='word_1_174' title='bbox 1010 2473 1043 2533; x_wconf 91' lang='lat' dir='ltr'>et</span> <span class='ocrx_word' id='word_1_175' title='bbox 1057 2468 1094 2533; x_wconf 91' lang='lat' dir='ltr'>in</span> <span class='ocrx_word' id='word_1_176' title='bbox 1101 2466 1214 2533; x_wconf 90' lang='lat' dir='ltr'>medio</span> <span class='ocrx_word' id='word_1_177' title='bbox 1225 2474 1317 2534; x_wconf 88' lang='lat' dir='ltr'>stans</span> <span class='ocrx_word' id='word_1_178' title='bbox 1330 2467 1414 2534; x_wconf 89' lang='lat' dir='ltr'>dicit</span> <span class='ocrx_word' id='word_1_179' title='bbox 1430 2489 1438 2537; x_wconf 92' lang='lat'>:</span> <span class='ocrx_word' id='word_1_180' title='bbox 1451 2471 1499 2535; x_wconf 90' lang='lat' dir='ltr'>sic</span> <span class='ocrx_word' id='word_1_181' title='bbox 1507 2468 1605 2535; x_wconf 87' lang='lat' dir='ltr'>stulti</span> 
     </span>
     <span class='ocr_line' id='line_1_20' title="bbox 288 2570 1600 2663; baseline 0.001 -22"><span class='ocrx_word' id='word_1_182' title='bbox 288 2574 380 2652; x_wconf 89' lang='lat' dir='ltr'>estis,</span> <span class='ocrx_word' id='word_1_183' title='bbox 403 2573 464 2638; x_wconf 87' lang='lat' dir='ltr'>lilii</span> <span class='ocrx_word' id='word_1_184' title='bbox 484 2573 587 2640; x_wconf 90' lang='lat' dir='ltr'>lsrael</span> <span class='ocrx_word' id='word_1_185' title='bbox 606 2577 690 2654; x_wconf 86' lang='lat' dir='ltr'>etc.;</span> <span class='ocrx_word' id='word_1_186' title='bbox 714 2570 884 2659; x_wconf 81' lang='lat' dir='ltr'>singulari</span> <span class='ocrx_word' id='word_1_187' title='bbox 903 2573 1010 2659; x_wconf 79' lang='lat' dir='ltr'>igitur</span> <span class='ocrx_word' id='word_1_188' title='bbox 1025 2574 1080 2640; x_wconf 92' lang='lat' dir='ltr'>Dei</span> <span class='ocrx_word' id='word_1_189' title='bbox 1105 2574 1255 2663; x_wconf 90' lang='lat' dir='ltr'>impulsu</span> <span class='ocrx_word' id='word_1_190' title='bbox 1274 2595 1369 2641; x_wconf 88' lang='lat' dir='ltr'>mens</span> <span class='ocrx_word' id='word_1_191' title='bbox 1383 2575 1533 2642; x_wconf 87' lang='lat' dir='ltr'>Danielis</span> <span class='ocrx_word' id='word_1_192' title='bbox 1556 2575 1600 2642; x_wconf 94' lang='lat' dir='ltr'>il-</span> 
     </span>
     <span class='ocr_line' id='line_1_21' title="bbox 288 2677 1602 2769; baseline 0.002 -23"><span class='ocrx_word' id='word_1_193' title='bbox 288 2681 430 2746; x_wconf 88' lang='lat' dir='ltr'>lustrata</span> <span class='ocrx_word' id='word_1_194' title='bbox 443 2679 507 2744; x_wconf 85' lang='lat' dir='ltr'>luit</span> <span class='ocrx_word' id='word_1_195' title='bbox 519 2679 619 2768; x_wconf 87' lang='lat' dir='ltr'>eique</span> <span class='ocrx_word' id='word_1_196' title='bbox 637 2677 782 2745; x_wconf 88' lang='lat' dir='ltr'>andacia</span> <span class='ocrx_word' id='word_1_197' title='bbox 796 2677 907 2745; x_wconf 91' lang='lat' dir='ltr'>indita</span> <span class='ocrx_word' id='word_1_198' title='bbox 917 2685 951 2746; x_wconf 92' lang='lat' dir='ltr'>et</span> <span class='ocrx_word' id='word_1_199' title='bbox 965 2679 1212 2769; x_wconf 85' lang='lat' dir='ltr'>industriaque</span> <span class='ocrx_word' id='word_1_200' title='bbox 1224 2680 1365 2748; x_wconf 88' lang='lat' dir='ltr'>auderet</span> <span class='ocrx_word' id='word_1_201' title='bbox 1386 2681 1550 2748; x_wconf 88' lang='lat' dir='ltr'>obsistere</span> <span class='ocrx_word' id='word_1_202' title='bbox 1566 2690 1602 2748; x_wconf 89' lang='lat' dir='ltr'>et</span> 
     </span>
     <span class='ocr_line' id='line_1_22' title="bbox 288 2783 1602 2876; baseline 0.001 -24"><span class='ocrx_word' id='word_1_203' title='bbox 288 2786 456 2854; x_wconf 87' lang='lat' dir='ltr'>inveniret</span> <span class='ocrx_word' id='word_1_204' title='bbox 466 2806 536 2874; x_wconf 93' lang='lat' dir='ltr'>qua</span> <span class='ocrx_word' id='word_1_205' title='bbox 550 2785 606 2852; x_wconf 91' lang='lat' dir='ltr'>via</span> <span class='ocrx_word' id='word_1_206' title='bbox 620 2784 713 2851; x_wconf 78' lang='lat' dir='ltr'>fraus</span> <span class='ocrx_word' id='word_1_207' title='bbox 727 2783 787 2850; x_wconf 93' lang='lat' dir='ltr'>illa</span> <span class='ocrx_word' id='word_1_208' title='bbox 801 2783 845 2850; x_wconf 91' lang='lat' dir='ltr'>ad</span> <span class='ocrx_word' id='word_1_209' title='bbox 864 2785 1019 2852; x_wconf 90' lang='lat' dir='ltr'>omnium</span> <span class='ocrx_word' id='word_1_210' title='bbox 1035 2786 1149 2854; x_wconf 89' lang='lat' dir='ltr'>oculos</span> <span class='ocrx_word' id='word_1_211' title='bbox 1164 2793 1282 2876; x_wconf 89' lang='lat' dir='ltr'>aperta</span> <span class='ocrx_word' id='word_1_212' title='bbox 1295 2787 1404 2854; x_wconf 87' lang='lat' dir='ltr'>fieret.</span> <span class='ocrx_word' id='word_1_213' title='bbox 1420 2785 1551 2856; x_wconf 84' lang='lat' dir='ltr'>indidit</span> <span class='ocrx_word' id='word_1_214' title='bbox 1569 2789 1602 2855; x_wconf 89' lang='lat' dir='ltr'>ei</span> 
     </span>
     <span class='ocr_line' id='line_1_23' title="bbox 288 2889 1603 2984; baseline 0.002 -25"><span class='ocrx_word' id='word_1_215' title='bbox 288 2893 403 2984; x_wconf 90' lang='lat' dir='ltr'>itaque</span> <span class='ocrx_word' id='word_1_216' title='bbox 429 2896 516 2958; x_wconf 87' lang='lat' dir='ltr'>Dens</span> <span class='ocrx_word' id='word_1_217' title='bbox 543 2891 700 2982; x_wconf 89' lang='lat' dir='ltr'>spiritum</span> <span class='ocrx_word' id='word_1_218' title='bbox 733 2889 951 2980; x_wconf 83' lang='lat' dir='ltr'>prophetiae,</span> <span class='ocrx_word' id='word_1_219' title='bbox 984 2913 1052 2981; x_wconf 91' lang='lat' dir='ltr'>quo</span> <span class='ocrx_word' id='word_1_220' title='bbox 1076 2896 1264 2962; x_wconf 90' lang='lat' dir='ltr'>Susannam</span> <span class='ocrx_word' id='word_1_221' title='bbox 1289 2895 1506 2962; x_wconf 89' lang='lat' dir='ltr'>innocentem</span> <span class='ocrx_word' id='word_1_222' title='bbox 1530 2917 1603 2962; x_wconf 79' lang='lat' dir='ltr'>esse</span> 
     </span>
     <span class='ocr_line' id='line_1_24' title="bbox 288 2997 1603 3092; baseline 0.002 -26"><span class='ocrx_word' id='word_1_223' title='bbox 288 3006 381 3066; x_wconf 91' lang='lat' dir='ltr'>certo</span> <span class='ocrx_word' id='word_1_224' title='bbox 396 3003 614 3086; x_wconf 82' lang='lat' dir='ltr'>cognosceret</span> <span class='ocrx_word' id='word_1_225' title='bbox 627 3019 666 3064; x_wconf 82' lang='lat' dir='ltr'>er</span> <span class='ocrx_word' id='word_1_226' title='bbox 677 2997 720 3064; x_wconf 91' lang='lat' dir='ltr'>iis</span> <span class='ocrx_word' id='word_1_227' title='bbox 735 3020 823 3086; x_wconf 88' lang='lat' dir='ltr'>quae</span> <span class='ocrx_word' id='word_1_228' title='bbox 837 2997 940 3065; x_wconf 92' lang='lat' dir='ltr'>modo</span> <span class='ocrx_word' id='word_1_229' title='bbox 952 3006 1151 3078; x_wconf 88' lang='lat' dir='ltr'>evenerant;</span> <span class='ocrx_word' id='word_1_230' title='bbox 1171 3022 1249 3067; x_wconf 87' lang='lat' dir='ltr'>eum</span> <span class='ocrx_word' id='word_1_231' title='bbox 1266 3021 1361 3068; x_wconf 89' lang='lat' dir='ltr'>mens</span> <span class='ocrx_word' id='word_1_232' title='bbox 1377 3001 1526 3068; x_wconf 83' lang='lat' dir='ltr'>Danielis</span> <span class='ocrx_word' id='word_1_233' title='bbox 1541 3001 1603 3092; x_wconf 88' lang='lat' dir='ltr'>pia</span> 
     </span>
     <span class='ocr_line' id='line_1_25' title="bbox 288 3102 1605 3198; baseline 0.001 -25"><span class='ocrx_word' id='word_1_234' title='bbox 288 3111 322 3174; x_wconf 90' lang='lat' dir='ltr'>et</span> <span class='ocrx_word' id='word_1_235' title='bbox 335 3105 445 3195; x_wconf 88' lang='lat' dir='ltr'>proba</span> <span class='ocrx_word' id='word_1_236' title='bbox 463 3108 560 3172; x_wconf 76' lang='lat' dir='ltr'>alteo</span> <span class='ocrx_word' id='word_1_237' title='bbox 573 3102 765 3170; x_wconf 88' lang='lat' dir='ltr'>illustretur</span> <span class='ocrx_word' id='word_1_238' title='bbox 777 3103 865 3171; x_wconf 88' lang='lat' dir='ltr'>etad</span> <span class='ocrx_word' id='word_1_239' title='bbox 881 3126 955 3170; x_wconf 89' lang='lat' dir='ltr'>rem</span> <span class='ocrx_word' id='word_1_240' title='bbox 975 3108 1042 3172; x_wconf 93' lang='lat' dir='ltr'>Deo</span> <span class='ocrx_word' id='word_1_241' title='bbox 1055 3111 1189 3192; x_wconf 55' lang='lat' dir='ltr'>matam</span> <span class='ocrx_word' id='word_1_242' title='bbox 1204 3108 1381 3189; x_wconf 82' lang='lat' dir='ltr'>excitetur,</span> <span class='ocrx_word' id='word_1_243' title='bbox 1399 3109 1522 3190; x_wconf 82' lang='lat' dir='ltr'>merito</span> <span class='ocrx_word' id='word_1_244' title='bbox 1534 3109 1605 3198; x_wconf 90' lang='lat' dir='ltr'>spi-</span> 
     </span>
     <span class='ocr_line' id='line_1_26' title="bbox 289 3212 1598 3296; baseline 0.002 -17"><span class='ocrx_word' id='word_1_245' title='bbox 289 3213 374 3280; x_wconf 90' lang='lat' dir='ltr'>ritus</span> <span class='ocrx_word' id='word_1_246' title='bbox 388 3217 530 3278; x_wconf 88' lang='lat' dir='ltr'>vocatur</span> <span class='ocrx_word' id='word_1_247' title='bbox 545 3215 693 3278; x_wconf 88' lang='lat' dir='ltr'>sanctus.</span> <span class='ocrx_word' id='word_1_248' title='bbox 715 3212 894 3278; x_wconf 87' lang='lat' dir='ltr'>Communi</span> <span class='ocrx_word' id='word_1_249' title='bbox 909 3213 1077 3279; x_wconf 88' lang='lat' dir='ltr'>sententia</span> <span class='ocrx_word' id='word_1_250' title='bbox 1096 3212 1337 3280; x_wconf 77' lang='lat' dir='ltr'>Susanna&#39;erat</span> <span class='ocrx_word' id='word_1_251' title='bbox 1351 3213 1598 3296; x_wconf 85' lang='lat' dir='ltr'>condemnata;</span> 
     </span>
     <span class='ocr_line' id='line_1_27' title="bbox 289 3315 1601 3409; baseline 0.001 -23"><span class='ocrx_word' id='word_1_252' title='bbox 289 3323 406 3386; x_wconf 87' lang='lat' dir='ltr'>contra</span> <span class='ocrx_word' id='word_1_253' title='bbox 421 3338 527 3408; x_wconf 89' lang='lat' dir='ltr'>quam</span> <span class='ocrx_word' id='word_1_254' title='bbox 542 3315 658 3384; x_wconf 85' lang='lat' dir='ltr'>Daniel</span> <span class='ocrx_word' id='word_1_255' title='bbox 670 3315 944 3384; x_wconf 88' lang='lat' dir='ltr'>intercessionem</span> <span class='ocrx_word' id='word_1_256' title='bbox 959 3318 1040 3385; x_wconf 88' lang='lat' dir='ltr'>lacit</span> <span class='ocrx_word' id='word_1_257' title='bbox 1053 3340 1259 3408; x_wconf 89' lang='lat' dir='ltr'>omnemque</span> <span class='ocrx_word' id='word_1_258' title='bbox 1270 3321 1307 3385; x_wconf 90' lang='lat' dir='ltr'>in</span> <span class='ocrx_word' id='word_1_259' title='bbox 1322 3343 1363 3386; x_wconf 88' lang='lat' dir='ltr'>ea</span> <span class='ocrx_word' id='word_1_260' title='bbox 1376 3325 1510 3409; x_wconf 88' lang='lat' dir='ltr'>partem</span> <span class='ocrx_word' id='word_1_261' title='bbox 1529 3343 1552 3387; x_wconf 83' lang='lat' dir='ltr'>a</span> <span class='ocrx_word' id='word_1_262' title='bbox 1565 3342 1601 3387; x_wconf 90' lang='lat' dir='ltr'>se</span> 
     </span>
     <span class='ocr_line' id='line_1_28' title="bbox 289 3423 1602 3512; baseline 0.002 -21"><span class='ocrx_word' id='word_1_263' title='bbox 289 3423 485 3512; x_wconf 85' lang='lat' dir='ltr'>longissime</span> <span class='ocrx_word' id='word_1_264' title='bbox 503 3428 656 3490; x_wconf 86' lang='lat' dir='ltr'>removet</span> <span class='ocrx_word' id='word_1_265' title='bbox 669 3426 702 3488; x_wconf 92' lang='lat' dir='ltr'>et</span> <span class='ocrx_word' id='word_1_266' title='bbox 717 3423 776 3511; x_wconf 91' lang='lat' dir='ltr'>qui</span> <span class='ocrx_word' id='word_1_267' title='bbox 788 3443 864 3488; x_wconf 91' lang='lat' dir='ltr'>eam</span> <span class='ocrx_word' id='word_1_268' title='bbox 879 3423 1193 3491; x_wconf 87' lang='lat' dir='ltr'>condemnaverant</span> <span class='ocrx_word' id='word_1_269' title='bbox 1206 3447 1282 3492; x_wconf 88' lang='lat' dir='ltr'>reos</span> <span class='ocrx_word' id='word_1_270' title='bbox 1300 3447 1371 3492; x_wconf 83' lang='lat' dir='ltr'>esse</span> <span class='ocrx_word' id='word_1_271' title='bbox 1384 3426 1507 3509; x_wconf 78' lang='lat' dir='ltr'>caedh,</span> <span class='ocrx_word' id='word_1_272' title='bbox 1525 3449 1602 3494; x_wconf 84' lang='lat' dir='ltr'>reos</span> 
     </span>
     <span class='ocr_line' id='line_1_29' title="bbox 290 3528 1599 3616; baseline 0.001 -17"><span class='ocrx_word' id='word_1_273' title='bbox 290 3553 358 3599; x_wconf 89' lang='lat' dir='ltr'>esse</span> <span class='ocrx_word' id='word_1_274' title='bbox 376 3529 551 3616; x_wconf 79' lang='lat' dir='ltr'>sanguinis</span> <span class='ocrx_word' id='word_1_275' title='bbox 574 3529 764 3594; x_wconf 90' lang='lat' dir='ltr'>innocentis</span> <span class='ocrx_word' id='word_1_276' title='bbox 779 3528 846 3594; x_wconf 87' lang='lat' dir='ltr'>alta</span> <span class='ocrx_word' id='word_1_277' title='bbox 866 3551 947 3594; x_wconf 89' lang='lat' dir='ltr'>voce</span> <span class='ocrx_word' id='word_1_278' title='bbox 962 3528 1120 3597; x_wconf 89' lang='lat' dir='ltr'>declarat.</span> <span class='ocrx_word' id='word_1_279' title='bbox 1138 3536 1209 3610; x_wconf 82' lang='lat' dir='ltr'>Qua</span> <span class='ocrx_word' id='word_1_280' title='bbox 1229 3553 1312 3598; x_wconf 90' lang='lat' dir='ltr'>voce</span> <span class='ocrx_word' id='word_1_281' title='bbox 1332 3533 1486 3599; x_wconf 91' lang='lat' dir='ltr'>omnium</span> <span class='ocrx_word' id='word_1_282' title='bbox 1504 3533 1541 3600; x_wconf 93' lang='lat' dir='ltr'>in</span> <span class='ocrx_word' id='word_1_283' title='bbox 1564 3555 1599 3600; x_wconf 89' lang='lat' dir='ltr'>se</span> 
     </span>
     <span class='ocr_line' id='line_1_30' title="bbox 289 3635 1602 3727; baseline 0 -23"><span class='ocrx_word' id='word_1_284' title='bbox 289 3636 404 3704; x_wconf 88' lang='lat' dir='ltr'>oculos</span> <span class='ocrx_word' id='word_1_285' title='bbox 418 3635 602 3716; x_wconf 86' lang='lat' dir='ltr'>convertit;</span> <span class='ocrx_word' id='word_1_286' title='bbox 627 3656 658 3699; x_wconf 92' lang='lat' dir='ltr'>v.</span> <span class='ocrx_word' id='word_1_287' title='bbox 677 3640 718 3701; x_wconf 78' lang='lat' dir='ltr'>tr</span> <span class='ocrx_word' id='word_1_288' title='bbox 736 3664 751 3694; x_wconf 76' lang='grc' dir='ltr'>α</span> <span class='ocrx_word' id='word_1_289' title='bbox 773 3645 805 3699; x_wconf 87' lang='lat' dir='ltr'>et</span> <span class='ocrx_word' id='word_1_290' title='bbox 829 3657 1006 3701; x_wconf 85' lang='lat' dir='ltr'>conuersus</span> <span class='ocrx_word' id='word_1_291' title='bbox 1024 3636 1133 3703; x_wconf 86' lang='lat' dir='ltr'>omnis</span> <span class='ocrx_word' id='word_1_292' title='bbox 1147 3637 1299 3727; x_wconf 70' lang='lat' dir='ltr'>popualus</span> <span class='ocrx_word' id='word_1_293' title='bbox 1316 3638 1366 3704; x_wconf 88' lang='lat' dir='ltr'>ud</span> <span class='ocrx_word' id='word_1_294' title='bbox 1381 3661 1459 3705; x_wconf 86' lang='lat' dir='ltr'>eum</span> <span class='ocrx_word' id='word_1_295' title='bbox 1480 3638 1602 3706; x_wconf 78' lang='lat' dir='ltr'>dirr&#39;t:</span> 
     </span>
     <span class='ocr_line' id='line_1_31' title="bbox 290 3740 1602 3834; baseline 0.002 -24"><span class='ocrx_word' id='word_1_296' title='bbox 290 3743 365 3834; x_wconf 84' lang='lat' dir='ltr'>quis</span> <span class='ocrx_word' id='word_1_297' title='bbox 379 3754 427 3809; x_wconf 83' lang='lat' dir='ltr'>est</span> <span class='ocrx_word' id='word_1_298' title='bbox 441 3742 502 3808; x_wconf 87' lang='lat' dir='ltr'>iste</span> <span class='ocrx_word' id='word_1_299' title='bbox 520 3762 628 3808; x_wconf 86' lang='lat' dir='ltr'>sermo</span> <span class='ocrx_word' id='word_1_300' title='bbox 644 3761 744 3829; x_wconf 85' lang='lat' dir='ltr'>quem</span> <span class='ocrx_word' id='word_1_301' title='bbox 765 3752 800 3806; x_wconf 86' lang='lat' dir='ltr'>tu</span> <span class='ocrx_word' id='word_1_302' title='bbox 815 3740 948 3808; x_wconf 83' lang='lat' dir='ltr'>locutus</span> <span class='ocrx_word' id='word_1_303' title='bbox 963 3746 1019 3809; x_wconf 79' lang='lat' dir='ltr'>es?</span> <span class='ocrx_word' id='word_1_304' title='bbox 1031 3765 1065 3811; x_wconf 88' lang='lat' dir='ltr'>v.</span> <span class='ocrx_word' id='word_1_305' title='bbox 1083 3748 1125 3810; x_wconf 81' lang='lat' dir='ltr'>t8</span> <span class='ocrx_word' id='word_1_306' title='bbox 1149 3745 1211 3833; x_wconf 86' lang='lat' dir='ltr'>qui</span> <span class='ocrx_word' id='word_1_307' title='bbox 1223 3767 1301 3810; x_wconf 86' lang='lat' dir='ltr'>cum</span> <span class='ocrx_word' id='word_1_308' title='bbox 1316 3757 1421 3811; x_wconf 82' lang='lat' dir='ltr'>staret</span> <span class='ocrx_word' id='word_1_309' title='bbox 1438 3745 1475 3811; x_wconf 89' lang='lat' dir='ltr'>in</span> <span class='ocrx_word' id='word_1_310' title='bbox 1488 3745 1602 3812; x_wconf 84' lang='lat' dir='ltr'>medio</span> 
     </span>
     <span class='ocr_line' id='line_1_32' title="bbox 289 3845 1604 3941; baseline 0.002 -25"><span class='ocrx_word' id='word_1_311' title='bbox 289 3871 405 3916; x_wconf 82' lang='lat' dir='ltr'>eorum</span> <span class='ocrx_word' id='word_1_312' title='bbox 421 3848 470 3915; x_wconf 84' lang='lat' dir='ltr'>uit</span> <span class='ocrx_word' id='word_1_313' title='bbox 490 3869 501 3913; x_wconf 93' lang='lat'><em>:</em></span> <span class='ocrx_word' id='word_1_314' title='bbox 520 3846 568 3913; x_wconf 87' lang='lat' dir='ltr'>sic</span> <span class='ocrx_word' id='word_1_315' title='bbox 585 3845 683 3932; x_wconf 77' lang='lat' dir='ltr'>[atui</span> <span class='ocrx_word' id='word_1_316' title='bbox 697 3846 766 3935; x_wconf 82' lang='lat' dir='ltr'>filii</span> <span class='ocrx_word' id='word_1_317' title='bbox 777 3847 885 3913; x_wconf 82' lang='lat' dir='ltr'>Isruel</span> <span class='ocrx_word' id='word_1_318' title='bbox 902 3870 971 3914; x_wconf 89' lang='lat' dir='ltr'>non</span> <span class='ocrx_word' id='word_1_319' title='bbox 985 3848 1172 3916; x_wconf 82' lang='lat' dir='ltr'>iudicantes</span> <span class='ocrx_word' id='word_1_320' title='bbox 1185 3873 1294 3939; x_wconf 87' lang='lat' dir='ltr'>neque</span> <span class='ocrx_word' id='word_1_321' title='bbox 1309 3851 1404 3941; x_wconf 84' lang='lat' dir='ltr'>quod</span> <span class='ocrx_word' id='word_1_322' title='bbox 1419 3874 1535 3918; x_wconf 81' lang='lat' dir='ltr'>oerum</span> <span class='ocrx_word' id='word_1_323' title='bbox 1554 3865 1604 3920; x_wconf 84' lang='lat' dir='ltr'>cst</span> 
     </span>
     <span class='ocr_line' id='line_1_33' title="bbox 290 3951 1603 4045; baseline 0.002 -22"><span class='ocrx_word' id='word_1_324' title='bbox 290 3966 523 4045; x_wconf 66' lang='lat' dir='ltr'>requiescentes</span> <span class='ocrx_word' id='word_1_325' title='bbox 536 3951 781 4019; x_wconf 79' lang='lat' dir='ltr'>condemnastis</span> <span class='ocrx_word' id='word_1_326' title='bbox 787 3953 900 4042; x_wconf 80' lang='lat' dir='ltr'>filium</span> <span class='ocrx_word' id='word_1_327' title='bbox 910 3955 1039 4023; x_wconf 78' lang='lat' dir='ltr'>Israel?</span> <span class='ocrx_word' id='word_1_328' title='bbox 1053 3978 1085 4022; x_wconf 91' lang='lat' dir='ltr'>v.</span> <span class='ocrx_word' id='word_1_329' title='bbox 1101 3963 1142 4023; x_wconf 71' lang='lat' dir='ltr'>tt</span> <span class='ocrx_word' id='word_1_330' title='bbox 1158 3957 1367 4024; x_wconf 82' lang='lat' dir='ltr'>revertimini</span> <span class='ocrx_word' id='word_1_331' title='bbox 1380 3957 1428 4024; x_wconf 85' lang='lat' dir='ltr'>ad</span> <span class='ocrx_word' id='word_1_332' title='bbox 1435 3957 1603 4026; x_wconf 74' lang='lat' dir='ltr'>iudicium</span> 
     </span>
    </p>
   </div>
   <div class='ocr_carea' id='block_1_5' title="bbox 289 4058 1602 4791">
    <p class='ocr_par' dir='ltr' id='par_1_5' title="bbox 289 4058 1602 4791">
     <span class='ocr_line' id='line_1_34' title="bbox 289 4058 1599 4156; baseline 0.004 -28"><span class='ocrx_word' id='word_1_333' title='bbox 289 4063 372 4152; x_wconf 81' lang='lat' dir='ltr'>quia</span> <span class='ocrx_word' id='word_1_334' title='bbox 389 4061 518 4150; x_wconf 76' lang='lat' dir='ltr'>fulsum</span> <span class='ocrx_word' id='word_1_335' title='bbox 534 4058 761 4125; x_wconf 81' lang='lat' dir='ltr'>testimonium</span> <span class='ocrx_word' id='word_1_336' title='bbox 781 4060 890 4126; x_wconf 84' lang='lat' dir='ltr'>locuti</span> <span class='ocrx_word' id='word_1_337' title='bbox 904 4073 984 4127; x_wconf 84' lang='lat' dir='ltr'>sunt</span> <span class='ocrx_word' id='word_1_338' title='bbox 1000 4061 1158 4129; x_wconf 83' lang='lat' dir='ltr'>aduersus</span> <span class='ocrx_word' id='word_1_339' title='bbox 1176 4086 1253 4130; x_wconf 87' lang='lat' dir='ltr'>eum</span> <span class='ocrx_word' id='word_1_340' title='bbox 1268 4069 1303 4132; x_wconf 85' lang='lat' dir='ltr'>»t</span> <span class='ocrx_word' id='word_1_341' title='bbox 1325 4066 1599 4156; x_wconf 88' lang='lat' dir='ltr'>-reprehendit</span> 
     </span>
     <span class='ocr_line' id='line_1_35' title="bbox 290 4165 1602 4262; baseline 0.004 -27"><span class='ocrx_word' id='word_1_342' title='bbox 290 4168 383 4258; x_wconf 91' lang='lat' dir='ltr'>quod</span> <span class='ocrx_word' id='word_1_343' title='bbox 397 4168 509 4257; x_wconf 74' lang='lat' dir='ltr'>filium</span> <span class='ocrx_word' id='word_1_344' title='bbox 531 4165 655 4246; x_wconf 80' lang='lat' dir='ltr'>Israel,</span> <span class='ocrx_word' id='word_1_345' title='bbox 671 4165 834 4232; x_wconf 76' lang='lat' dir='ltr'>lemnam</span> <span class='ocrx_word' id='word_1_346' title='bbox 857 4189 1005 4257; x_wconf 86' lang='lat' dir='ltr'>eousque</span> <span class='ocrx_word' id='word_1_347' title='bbox 1020 4171 1169 4259; x_wconf 83' lang='lat' dir='ltr'>optimae</span> <span class='ocrx_word' id='word_1_348' title='bbox 1191 4171 1318 4251; x_wconf 81' lang='lat' dir='ltr'>lamae,</span> <span class='ocrx_word' id='word_1_349' title='bbox 1342 4173 1452 4262; x_wconf 89' lang='lat' dir='ltr'>piam,</span> <span class='ocrx_word' id='word_1_350' title='bbox 1474 4195 1544 4240; x_wconf 91' lang='lat' dir='ltr'>non</span> <span class='ocrx_word' id='word_1_351' title='bbox 1560 4196 1602 4240; x_wconf 81' lang='lat' dir='ltr'>er</span> 
     </span>
     <span class='ocr_line' id='line_1_36' title="bbox 290 4270 1599 4362; baseline 0.003 -21"><span class='ocrx_word' id='word_1_352' title='bbox 290 4273 401 4341; x_wconf 90' lang='lat' dir='ltr'>aliena</span> <span class='ocrx_word' id='word_1_353' title='bbox 419 4275 557 4342; x_wconf 90' lang='lat' dir='ltr'>natione</span> <span class='ocrx_word' id='word_1_354' title='bbox 575 4270 757 4339; x_wconf 90' lang='lat' dir='ltr'>oriundam</span> <span class='ocrx_word' id='word_1_355' title='bbox 775 4271 833 4339; x_wconf 91' lang='lat' dir='ltr'>sed</span> <span class='ocrx_word' id='word_1_356' title='bbox 853 4273 1006 4340; x_wconf 90' lang='lat' dir='ltr'>eiusdem</span> <span class='ocrx_word' id='word_1_357' title='bbox 1029 4297 1145 4342; x_wconf 90' lang='lat' dir='ltr'>secum</span> <span class='ocrx_word' id='word_1_358' title='bbox 1164 4278 1276 4362; x_wconf 83' lang='lat' dir='ltr'>gentis</span> <span class='ocrx_word' id='word_1_359' title='bbox 1295 4278 1599 4347; x_wconf 86' lang='lat' dir='ltr'>condemnaverint</span> 
     </span>
     <span class='ocr_line' id='line_1_37' title="bbox 290 4375 1596 4470; baseline 0.004 -23"><span class='ocrx_word' id='word_1_360' title='bbox 290 4381 376 4448; x_wconf 89' lang='lat' dir='ltr'>adeo</span> <span class='ocrx_word' id='word_1_361' title='bbox 404 4380 679 4470; x_wconf 88' lang='lat' dir='ltr'>praecipitanter,</span> <span class='ocrx_word' id='word_1_362' title='bbox 706 4375 753 4444; x_wconf 90' lang='lat' dir='ltr'>ita</span> <span class='ocrx_word' id='word_1_363' title='bbox 782 4383 820 4443; x_wconf 91' lang='lat' dir='ltr'>ut</span> <span class='ocrx_word' id='word_1_364' title='bbox 839 4400 927 4467; x_wconf 92' lang='lat' dir='ltr'>quae</span> <span class='ocrx_word' id='word_1_365' title='bbox 950 4403 970 4447; x_wconf 90' lang='lat' dir='ltr'>a</span> <span class='ocrx_word' id='word_1_366' title='bbox 991 4381 1131 4447; x_wconf 89' lang='lat' dir='ltr'>testibus</span> <span class='ocrx_word' id='word_1_367' title='bbox 1153 4383 1245 4449; x_wconf 88' lang='lat' dir='ltr'>dicta</span> <span class='ocrx_word' id='word_1_368' title='bbox 1263 4389 1359 4451; x_wconf 90' lang='lat' dir='ltr'>erant</span> <span class='ocrx_word' id='word_1_369' title='bbox 1377 4385 1472 4452; x_wconf 92' lang='lat' dir='ltr'>nullo</span> <span class='ocrx_word' id='word_1_370' title='bbox 1493 4385 1596 4452; x_wconf 93' lang='lat' dir='ltr'>modo</span> 
     </span>
     <span class='ocr_line' id='line_1_38' title="bbox 290 4483 1598 4580; baseline 0.004 -27"><span class='ocrx_word' id='word_1_371' title='bbox 290 4487 547 4572; x_wconf 84' lang='lat' dir='ltr'>investigarent,</span> <span class='ocrx_word' id='word_1_372' title='bbox 572 4483 818 4564; x_wconf 89' lang='lat' dir='ltr'>diiudicarent,</span> <span class='ocrx_word' id='word_1_373' title='bbox 845 4486 1077 4574; x_wconf 81' lang='lat' dir='ltr'>explorarent,</span> <span class='ocrx_word' id='word_1_374' title='bbox 1103 4487 1162 4553; x_wconf 89' lang='lat' dir='ltr'>sed</span> <span class='ocrx_word' id='word_1_375' title='bbox 1180 4490 1380 4580; x_wconf 92' lang='lat' dir='ltr'>simpliciter</span> <span class='ocrx_word' id='word_1_376' title='bbox 1402 4490 1501 4558; x_wconf 88' lang='lat' dir='ltr'>dictis</span> <span class='ocrx_word' id='word_1_377' title='bbox 1525 4514 1598 4558; x_wconf 89' lang='lat' dir='ltr'>ore·</span> 
     </span>
     <span class='ocr_line' id='line_1_39' title="bbox 290 4589 1594 4684; baseline 0.003 -24"><span class='ocrx_word' id='word_1_378' title='bbox 290 4592 410 4661; x_wconf 84' lang='lat' dir='ltr'>darent</span> <span class='ocrx_word' id='word_1_379' title='bbox 431 4590 487 4680; x_wconf 85' lang='lat' dir='ltr'>(cf.</span> <span class='ocrx_word' id='word_1_380' title='bbox 507 4589 729 4680; x_wconf 78' lang='lat' dir='ltr'>Ammonius).</span> <span class='ocrx_word' id='word_1_381' title='bbox 750 4591 848 4680; x_wconf 78' lang='lat' dir='ltr'>Apud</span> <span class='ocrx_word' id='word_1_382' title='bbox 867 4596 947 4658; x_wconf 82' lang='lat' dir='ltr'>Lxx</span> <span class='ocrx_word' id='word_1_383' title='bbox 963 4593 1031 4659; x_wconf 94' lang='lat' dir='ltr'>duo</span> <span class='ocrx_word' id='word_1_384' title='bbox 1048 4617 1162 4661; x_wconf 90' lang='lat' dir='ltr'>versus</span> <span class='ocrx_word' id='word_1_385' title='bbox 1177 4601 1218 4661; x_wconf 77' lang='lat' dir='ltr'>tn</span> <span class='ocrx_word' id='word_1_386' title='bbox 1233 4602 1266 4662; x_wconf 90' lang='lat' dir='ltr'>et</span> <span class='ocrx_word' id='word_1_387' title='bbox 1280 4604 1322 4664; x_wconf 90' lang='lat'>50</span> <span class='ocrx_word' id='word_1_388' title='bbox 1335 4618 1404 4663; x_wconf 92' lang='lat' dir='ltr'>non</span> <span class='ocrx_word' id='word_1_389' title='bbox 1416 4597 1594 4684; x_wconf 80' lang='lat' dir='ltr'>leguntur.</span> 
     </span>
     <span class='ocr_line' id='line_1_40' title="bbox 292 4694 1597 4791; baseline 0.002 -24"><span class='ocrx_word' id='word_1_390' title='bbox 292 4706 327 4768; x_wconf 93' lang='lat' dir='ltr'>ln</span> <span class='ocrx_word' id='word_1_391' title='bbox 349 4698 401 4766; x_wconf 89' lang='lat' dir='ltr'>ed.</span> <span class='ocrx_word' id='word_1_392' title='bbox 424 4699 497 4764; x_wconf 91' lang='lat' dir='ltr'>her.</span> <span class='ocrx_word' id='word_1_393' title='bbox 520 4697 634 4786; x_wconf 89' lang='lat' dir='ltr'>aliqua</span> <span class='ocrx_word' id='word_1_394' title='bbox 655 4694 829 4762; x_wconf 89' lang='lat' dir='ltr'>adduntur</span> <span class='ocrx_word' id='word_1_395' title='bbox 843 4698 887 4764; x_wconf 89' lang='lat' dir='ltr'>ad</span> <span class='ocrx_word' id='word_1_396' title='bbox 908 4721 941 4766; x_wconf 90' lang='lat' dir='ltr'>v.</span> <span class='ocrx_word' id='word_1_397' title='bbox 965 4705 1007 4767; x_wconf 80' lang='lat' dir='ltr'>t8</span> <span class='ocrx_word' id='word_1_398' title='bbox 1022 4721 1030 4769; x_wconf 91' lang='lat'>:</span> <span class='ocrx_word' id='word_1_399' title='bbox 1048 4702 1265 4791; x_wconf 91' lang='lat' dir='ltr'>prophetavit</span> <span class='ocrx_word' id='word_1_400' title='bbox 1283 4709 1316 4769; x_wconf 87' lang='lat' dir='ltr'>et</span> <span class='ocrx_word' id='word_1_401' title='bbox 1334 4703 1419 4770; x_wconf 85' lang='lat' dir='ltr'>dixit</span> <span class='ocrx_word' id='word_1_402' title='bbox 1436 4726 1445 4773; x_wconf 90' lang='lat'><strong>:</strong></span> <span class='ocrx_word' id='word_1_403' title='bbox 1462 4703 1597 4772; x_wconf 87' lang='lat' dir='ltr'>auscul-</span> 
     </span>
    </p>
   </div>
   <div class='ocr_carea' id='block_1_6' title="bbox 0 0 1783 5367">
    <p class='ocr_par' dir='ltr' id='par_1_6' title="bbox 0 0 1783 5367">
     <span class='ocr_line' id='line_1_41' title="bbox 0 0 1783 5367; baseline 0 0"><span class='ocrx_word' id='word_1_404' title='bbox 0 0 1783 5367; x_wconf 95' lang='lat' dir='ltr'> </span> 
     </span>
    </p>
   </div>
  </div>
 </body>
</html>
