3550 5367
789 346 867 408 Dar.
890 347 920 417 9,
946 348 1039 407 17-19

11 538 15 543 v
67 490 177 599 {23:333}
194 488 204 500 ..
259 506 294 569 et
314 502 376 568 sin.
406 498 546 587 collati).
574 501 672 563 Vates
690 500 765 564 Deo.
781 496 942 586 proponit
964 498 1135 563 rationem
1159 497 1395 583 gravissimam
1416 500 1473 586 agi
1495 500 1572 566 scil.

9 591 125 711 '112'
183 607 318 694 ffissliei
343 608 509 674 honorem
531 610 565 670 et
583 603 747 692 gloriam;
765 602 991 692 opprobrium
1008 603 1127 694 populi
1151 605 1209 669 Dei
1228 608 1294 671 Deo
1317 606 1401 671 verti
1422 605 1575 692 ignomi-

258 716 352 796 niae3
368 714 541 780 civitatem
557 708 615 776 Dei
638 714 670 775 et
686 713 837 776 montem
852 710 928 791 Dei,
944 710 1064 800 templi
1078 715 1246 792 montem,
1261 732 1329 777 non
1347 734 1443 801 posse
1458 712 1575 779 subia-

9 825 141 897 t²
167 868 170 872 -
193 837 196 843 “
257 844 335 889 cere
348 820 458 887 furori
476 818 534 885 Dei
552 816 726 883 diuturno.

269 935 271 938 ’
302 932 411 1005 Quare
426 924 520 991 omni
534 922 662 990 fiducia
680 925 747 988 Deo
761 928 871 1013 potest
883 922 1088 1012 supplicare,
1105 924 1166 989 etsi
1179 924 1325 1013 popuins
1341 925 1505 1011 indignus
1522 930 1573 991 est

8 1014 123 1084 “ῗ’ῗ”ἷὟ
145 1021 162 1064 ³
176 1079 191 1100 .
206 1081 208 1090 .
258 1035 319 1125 qui
333 1033 417 1100 talia
430 1031 583 1098 obtineat
596 1030 639 1118 (T
635 1028 746 1116 lreod.)
760 1050 768 1111 3
780 1051 813 1095 v.
832 1036 873 1096 17
889 1057 906 1092 α
924 1052 1015 1095 auree
1034 1052 1112 1119 erpo
1127 1032 1257 1099 erortdt'
1269 1034 1359 1098 Deus
1373 1043 1483 1097 noster
1494 1053 1573 1097 ora·

257 1142 382 1208 tionem
396 1136 548 1205 servitui
566 1147 599 1203 et
614 1157 732 1226 preces
746 1137 816 1202 et'as
831 1148 864 1226 et
878 1136 1013 1204 ostende
1032 1138 1159 1225 ferrern
1175 1148 1269 1205 taam
1290 1160 1393 1229 sepser
1409 1150 1572 1205 scortato-

104 1251 111 1295 Γ
138 1266 158 1328 Γ
255 1248 347 1315 rr'ttm
363 1258 459 1313 tuum
472 1242 565 1334 quod
577 1242 744 1309 desertum
759 1255 823 1323 est,
838 1255 980 1334 propter
1001 1244 1213 1333 temetipsam
1226 1267 1258 1311 r.
1278 1251 1319 1312 18
1336 1245 1464 1312 inclino
1483 1248 1574 1311 Deus

113 1339 154 1425 ἶ’ζῖ
176 1433 178 1436 ,
255 1376 349 1422 meets
370 1374 489 1419 ottrem
506 1363 600 1417 tuom
616 1361 650 1416 et
662 1348 763 1431 cudi,
779 1350 878 1439 operi
892 1352 1005 1417 oculos
1021 1361 1096 1417 tuos
1111 1339 1143 1417 et
1156 1350 1232 1418 cide
1246 1350 1489 1419 desolationem
1508 1375 1572 1419 no-

113 1465 128 1503 ·““
182 1453 188 1498 ·’
254 1475 361 1529 stram
376 1472 409 1526 et
418 1458 589 1525 civitatem
602 1479 707 1547 supra
716 1478 820 1546 quom
831 1458 1027 1523 z'aooeotrtm
1040 1468 1088 1525 est
1097 1480 1220 1524 nomen
1233 1470 1466 1549 tuuot‚·rteqtte
1479 1460 1570 1525 enim

254 1568 291 1636 ia
308 1562 598 1655 iustificationibus
611 1562 733 1629 nostris
746 1564 995 1652 prosternimus
1010 1586 1129 1653 preces
1143 1577 1222 1631 uate
1233 1565 1364 1653 sociem
1380 1577 1492 1646 tetam,
1511 1566 1576 1633 sed

9 1698 16 1731 ¹·
47 1692 81 1765 χ’·
157 1683 159 1686 ’
253 1676 291 1742 io
311 1669 578 1740 praetererito
603 1670 667 1735 tuis
685 1669 800 1735 mttltr's
817 1689 851 1747 »ς
868 1709 912 1719 -
925 1670 968 1737 cf.
987 1674 1062 1737 Bar.
1085 1677 1246 1753 ztir-193
1265 1672 1363 1740 hebr.
1382 1672 1495 1739 lucere
1506 1674 1569 1762 fac

131 1847 133 1850 ,
177 1797 180 1801 ’
250 1782 377 1872 sociem
399 1792 493 1846 tuam
517 1775 626 1867 (Vol.)
642 1776 695 1842 vel
715 1775 889 1858 illumina,
909 1776 1041 1843 illustra
1063 1778 1187 1844 faciem
1208 1783 1302 1844 tuam
1324 1778 1348 1844 i.
1367 1800 1397 1844 e.
1417 1776 1571 1865 benigno

161 1974 166 1980 ι
253 1888 351 1954 vultu
369 1886 501 1975 respice
514 1883 681 1973 templum
696 1881 816 1971 (Moto.
835 1884 923 1950 Mor.
940 1884 1025 1972 Lep.
1047 1882 1146 1972 Tt'r.);
1162 1886 1314 1951 estenim
1329 1886 1571 1953 tomentatios

9 1974 78 2087 ij'f'o
126 1975 139 2040 ⁴·
164 2052 172 2070 ,
252 1995 312 2063 Dei
329 1971 738 2088 benevolentiasgpatia,
762 1988 960 2071 clementia,
981 1991 1080 2056 iavor
1098 1991 1168 2057 Dei.
1193 1990 1230 2057 ld
1253 1996 1292 2058 ut
1307 1992 1412 2060 faciat
1425 2006 1572 2082 propter

253 2099 507 2168 Domiootorem
522 2094 646 2184 (hebr.)
668 2102 842 2184 precatur,
862 2094 932 2162 vid.
957 2097 1037 2185 quia
1049 2103 1086 2162 tu
1103 2118 1138 2162 es
1151 2098 1346 2165 Dominator
1360 2122 1381 2165 a
1395 2098 1492 2165 ouius
1507 2099 1569 2165 ho-

172 2217 176 2225 '
252 2228 335 2275 nore
356 2211 389 2272 et
413 2202 566 2295 potentia
587 2202 740 2268 alienum
763 2208 828 2283 est,
855 2207 893 2267 ut
920 2202 1087 2292 templum
1114 2204 1187 2270 eius
1214 2204 1324 2271 iaceat
1346 2211 1567 2295 prostratum.

252 2312 371 2381 Daniel
384 2311 494 2397 igitur
509 2312 679 2398 precatur,
693 2309 778 2374 sicut
791 2307 929 2374 edoctus
942 2313 1062 2397 estper
1079 2310 1200 2376 isaiam
1214 2315 1328 2393 18,st
1344 2315 1475 2387 Quanto
1490 2334 1570 2379 cum

253 2419 421 2487 desiderio
436 2416 528 2505 apud
541 2420 647 2482 Deum
661 2415 779 2495 instet,
794 2436 833 2479 ex
843 2436 875 2481 v.
894 2420 934 2481 18
949 2415 1126 2501 colligitur
1137 2420 1170 2483 et
1182 2439 1222 2482 ex
1234 2417 1418 2484 verborum
1429 2420 1570 2486 cunrulo

253 2525 379 2616 quibus
402 2527 469 2589 Deo
483 2521 654 2611 supplicat
669 2525 706 2586 ut
725 2520 771 2587 ad
794 2541 912 2609 preces
926 2522 1079 2587 animum
1097 2521 1267 2599 advertat,
1285 2529 1324 2590 ut
1343 2524 1458 2591 rideat
1474 2524 1569 2592 deso-

9 2617 23 2717 ζ]
41 2629 67 2688 ³²²⁴
81 2615 89 2643 ³
112 2625 114 2628 ’
152 2669 154 2672 v
253 2633 395 2700 lotiones
408 2640 539 2695 nostros
553 2632 587 2693 et
603 2620 772 2693 civitatem
794 2649 882 2714 quae
903 2628 958 2694 Dei
978 2628 1095 2694 civitas
1109 2628 1303 2719 appellatur
1324 2634 1359 2696 et
1377 2631 1412 2697 in
1427 2654 1496 2721 qua
1516 2651 1570 2716 sui

252 2738 400 2806 nominis
413 2736 626 2802 maiestatem
640 2738 673 2798 et
693 2732 841 2818 gloriam
857 2734 1088 2800 manifestavit
1106 2740 1140 2801 et
1156 2737 1252 2825 quasi
1271 2737 1307 2802 in
1325 2737 1404 2805 sede
1426 2740 1571 2828 propria

252 2844 440 2914 collocavit.
452 2840 618 2909 Precandi
632 2838 800 2905 fervorem
815 2840 1012 2906 etanimum
1027 2840 1193 2908 humilem
1207 2842 1375 2925 declarat,
1388 2867 1466 2911 cum
1477 2844 1570 2913 dicat

159 2939 162 2942 ¹
246 2963 459 3045 prosternere
469 2970 586 3037 preces
601 2946 624 3012 i.
647 2969 678 3013 e.
696 2967 794 3011 orare
812 2968 953 3035 corpore
972 2970 1086 3014 coram
1101 2953 1168 3015 Deo
1182 2953 1353 3039 prostrato
1373 2952 1568 3041 supplicum

251 3058 502 3141 more;cf.1er.
521 3059 616 3136 36,·t;
640 3057 758 3135 38‚uc;
776 3057 868 3133 129.
897 3082 912 3113 α
933 3057 1049 3143 Neque
1067 3056 1190 3121 nostris
1209 3056 1347 3124 iustitiis
1370 3056 1448 3124 freti
1471 3064 1568 3125 tuam

250 3167 473 3256 imploramus
494 3160 760 3247 benignitatem,
779 3159 839 3226 sed
852 3166 913 3226 tua
929 3161 1162 3229 misericordia
1181 3163 1297 3229 confisi
1320 3162 1485 3231 audemus
1503 3166 1569 3232 tibi

251 3273 444 3363 supplicare
465 3297 481 3330 »
502 3264 670 3357 (iered).

294 3384 403 3467 Atque
418 3398 461 3443 ne
481 3377 566 3440 Deus
576 3372 744 3461 promissa
754 3372 837 3439 dum
852 3378 989 3462 tempus
999 3374 1142 3440 iamiam
1153 3376 1364 3466 completum
1378 3378 1420 3444 sit
1431 3378 1568 3445 differat

251 3488 349 3555 enixe
367 3486 466 3570 rogat
482 3503 516 3547 v.
535 3486 576 3546 19
593 3507 610 3540 c
632 3478 760 3546 eraudi
771 3479 928 3562 Domine,
944 3479 1088 3568 placere
1107 3482 1270 3549 Domine!
1289 3484 1423 3551 attende
1445 3497 1478 3551 et
1487 3484 1568 3573 soc!

251 3618 293 3662 ree
308 3589 446 3660 moreris
455 3598 595 3678 propter
615 3586 827 3676 temetipsum
842 3589 933 3652 Deos
948 3608 1059 3667 oteres,
1079 3588 1160 3673 qtc'o
1175 3612 1299 3657 norrea
1316 3603 1412 3657 tertre
1428 3592 1568 3659 r'ncoeo-

253 3714 326 3768 tum
342 3710 390 3765 est
403 3716 505 3784 seper
520 3692 689 3759 civitatem
704 3704 737 3757 et
755 3693 1039 3783 superpopttlrtm
1054 3706 1153 3759 tuton
1171 3718 1206 3779 »;
1223 3736 1267 3745 —
1288 3725 1305 3759 «
1325 3699 1423 3787 copia
1436 3700 1569 3765 orantis

252 3823 435 3894 erumpens
450 3800 573 3868 affectu
585 3826 600 3857 n
624 3796 777 3886 (Mold.);
798 3798 994 3865 «admirari
1010 3805 1123 3865 autem
1138 3822 1262 3892 operae
1278 3805 1425 3893 pretium
1445 3811 1494 3871 est
1508 3827 1569 3871 eo-

251 3935 330 3981 rum
349 3932 437 4000 quae
450 3906 541 3973 dicta
554 3911 632 3971 sunt
648 3902 820 3985 ordinem3
836 3904 1008 3994 supplicat
1026 3907 1117 3971 enim
1138 3910 1205 3974 Deo
1219 3910 1371 3999 primum
1388 3916 1427 3977 ut
1444 3909 1569 3978 audiat

251 4016 525 4109 deprecationem
540 4016 574 4077 et
587 4033 630 4077 ne
645 4032 761 4099 preces
773 4014 962 4093 aversetur,
981 4011 1104 4079 deiude
1123 4018 1161 4079 ut
1182 4036 1261 4080 eum
1282 4016 1429 4082 audierit
1443 4018 1567 4107 propi-

253 4126 318 4192 tius
329 4126 394 4212 fiat
412 4126 445 4187 et
458 4118 627 4209 propitius
644 4116 751 4181 iactus
764 4116 915 4203 benigne
930 4117 1101 4201 attendet,
1113 4124 1186 4185 tum
1201 4124 1331 4188 ostensa
1346 4146 1406 4190 sua
1420 4122 1567 4191 benevo-

251 4232 354 4298 lentia
368 4228 404 4294 id
416 4224 572 4317 perficiat
584 4221 677 4313 quod
692 4222 926 4289 obsecratione
936 4226 1079 4313 petitur3
1095 4224 1148 4291 his
1163 4226 1260 4293 addit
1275 4250 1317 4293 ae
1331 4228 1566 4307 morata-hoo

252 4344 318 4417 est,
337 4358 379 4401 ne
399 4332 492 4423 quod
506 4351 689 4421 precamur
702 4330 739 4395 in
753 4329 849 4395 aliud
867 4335 1001 4419 tempus
1019 4330 1173 4413 differas,
1195 4332 1253 4399 sed
1272 4356 1350 4402 mox
1363 4334 1486 4422 dignos
1503 4358 1567 4404 nos

251 4462 387 4509 censeas
402 4438 525 4529 quibus
539 4438 695 4526 teipsum
714 4437 880 4503 ostendas.
895 4440 933 4502 Et
948 4436 1025 4503 finis
1040 4437 1288 4528 deprecationis
1302 4440 1427 4528 dignus
1440 4448 1489 4509 est
1503 4446 1568 4509 Da·

250 4548 348 4615 nielis
360 4544 552 4612 humilitate
569 4566 577 4611 :
593 4553 799 4633 propterte,
817 4544 949 4633 inquit,
967 4542 1137 4627 rm‘Derts;
1158 4567 1269 4635 neque
1295 4548 1386 4614 enim
1408 4548 1490 4635 ego,
1509 4548 1566 4614 in-

251 4656 341 4746 quit,
357 4652 484 4737 dignus
497 4670 572 4716 sum
583 4650 642 4738 qui
656 4648 746 4715 hanc
759 4654 818 4715 ate
834 4649 980 4735 gratiam
997 4672 1150 4733 exorem,
1167 4652 1227 4719 sed
1238 4654 1451 4743 quianomen
1463 4660 1565 4722 tuum

250 4766 407 4830 vocatum
426 4762 516 4824 est...
538 4777 573 4837 »;
590 4756 639 4821 ita
653 4755 827 4843 aliquanto
843 4755 1021 4845 prolixius,
1039 4758 1098 4824 sed
1112 4760 1287 4849 praeclare
1299 4761 1422 4841 evolvit
1438 4762 1562 4831 Tlteod.
