3550 5367
237 314 296 372 284
787 313 865 372 Dari.
891 313 940 386 tu,
965 313 1002 372 13

236 464 413 524 obtinuerit
427 464 571 524 victoria.
590 463 649 524 Vir
668 464 754 523 enim
780 463 913 542 angelus
933 461 973 523 ob
989 463 1020 522 id
1042 462 1176 535 restitit,
1191 479 1231 522 ne
1254 461 1385 522 nuntius
1399 461 1440 520 de
1455 463 1557 522 rebus

235 561 349 621 futuris
372 562 494 622 Danieli
514 561 698 633 alienatum
715 578 789 622 nam
814 578 868 621 cur
883 560 1006 620 mentio
1026 561 1118 620 lieret
1141 559 1225 638 regis
1248 559 1438 619 Persarum?
1452 560 1558 638 igitur

234 659 419 719 necessario
434 660 537 736 agitur
552 657 591 718 de
612 660 696 719 bono
712 659 823 738 populi
840 657 926 736 quod
942 657 1121 736 promoveri
1138 658 1239 736 possit
1252 675 1271 717 a
1285 674 1369 735 rege.
1386 658 1491 746 Atque
1514 657 1556 717 de

235 773 271 816 ea
291 774 324 816 re
341 757 439 818 etiam
455 757 620 816 Danielem
641 756 815 816 sollicitum
838 773 907 815 esso
928 773 1025 834 supra
1040 754 1178 815 diximus
1193 759 1288 832 atque
1300 753 1442 832 prolecto
1459 771 1554 814 rere-

234 853 312 914 latio
338 871 420 932 quae
444 855 474 914 ei
493 855 530 914 tit
549 853 589 914 ad
609 854 692 914 hanc
714 871 820 914 curam
846 858 877 914 et
901 853 1150 914 sollicitudinem
1173 851 1347 914 sedandam
1368 856 1501 930 spectat.
1521 851 1555 912 Si

233 969 309 1012 vero
330 951 373 1012 ita
391 958 453 1022 est,
476 952 541 1012 iam
563 969 626 1010 non
654 951 856 1030 intelligitur,
875 950 952 1028 quid
974 951 1105 1029 angelus
1127 951 1262 1010 victoria
1283 968 1343 1010 sua
1362 949 1552 1009 obtinuerit.

234 1049 313 1108 Nam
333 1049 583 1109 machinationes
612 1049 685 1110 illae
706 1048 848 1109 hostium
874 1049 985 1127 populi
1015 1065 1127 1108 revera
1150 1052 1276 1108 tantum
1301 1047 1489 1119 valuerunt,
1516 1051 1555 1108 ut

234 1145 433 1206 destruerent
452 1147 623 1206 consilium
652 1145 846 1207 ludaeorum
870 1147 1019 1206 omnibus
1040 1146 1155 1205 dicbus
1179 1146 1251 1224 Cyri
1277 1145 1361 1223 regis
1383 1147 1554 1205 Persarum

232 1247 265 1302 et
289 1259 390 1320 usque
415 1243 455 1304 ad
478 1261 611 1321 regnum
632 1245 718 1304 Darii
752 1245 838 1322 regis
857 1243 1025 1304 Persarum
1051 1243 1138 1303 Esdr.
1166 1247 1236 1316 t‚5;
1269 1247 1302 1302 et
1329 1242 1552 1302 intermissum

233 1345 282 1400 est
299 1357 380 1418 opus
404 1341 519 1401 domus
533 1342 660 1402 Domini
677 1343 710 1402 in
735 1339 909 1402 ierusalem
925 1347 958 1401 et
978 1359 1042 1401 non
1062 1342 1160 1402 tiebat
1177 1358 1279 1419 usque
1300 1339 1339 1400 ad
1358 1357 1479 1400 annum
1499 1356 1552 1399 se-

232 1437 372 1500 cundum
387 1438 477 1516 regni
497 1439 582 1499 Darii
608 1440 692 1518 regis
708 1441 876 1500 Persarum
898 1438 989 1498 Esdr.
1011 1441 1100 1512 &243
1118 1438 1157 1497 de
1180 1456 1241 1518 qua
1263 1455 1297 1497 re
1316 1437 1387 1498 vide
1412 1437 1453 1496 ad
1470 1438 1549 1514 Agg.

233 1537 284 1608 13
307 1553 372 1613 seq.
397 1537 507 1614 ltaque
526 1536 557 1598 id
577 1537 616 1596 de
640 1553 702 1613 quo
724 1537 854 1614 angelus
880 1535 966 1614 apud
986 1553 1094 1614 regem
1116 1539 1287 1596 Persarum
1307 1553 1401 1614 agere
1424 1534 1551 1595 censeri

231 1633 399 1695 commode
423 1639 528 1712 potest
553 1652 617 1694 non
637 1635 762 1707 etlecit;
780 1634 881 1694 eritne
904 1634 1001 1712 igitur
1020 1633 1266 1709 assumendum,
1284 1633 1315 1691 id
1339 1634 1550 1710 impetratum

232 1748 301 1790 csse
317 1748 356 1790 ne
370 1731 511 1792 deterius
524 1731 601 1808 quid
617 1732 742 1793 ludaeis
758 1731 941 1791 accideret?
957 1749 996 1791 ne
1011 1732 1201 1791 iuberentur
1215 1749 1254 1790 er
1270 1731 1387 1790 iudaea
1406 1745 1550 1789 remeare

230 1827 265 1891 in
280 1827 449 1890 exsilium?
465 1828 500 1888 ld
523 1834 628 1891 tamen
653 1846 766 1907 parum
790 1828 986 1889 videturnec
1009 1834 1094 1888 tanto
1108 1833 1260 1907 apparatu
1281 1828 1425 1907 dignum.
1443 1828 1550 1886 Manet

218 1925 329 2002 igitur
344 1944 399 1986 sua
412 1926 528 1986 veritas
541 1927 646 1986 verbis
665 1927 782 2004 quibus
796 1927 897 1987 ulitur
910 1927 952 1986 Sa
963 1945 976 1986 .·
988 1926 1069 1986 mihi
1088 1927 1182 2004 plane
1201 1925 1362 1986 mirabilis
1376 1923 1503 1986 videtur
1517 1926 1551 1984 et

231 2023 398 2083 intellectu
411 2024 601 2084 difficillima
617 2025 677 2084 ista
692 2025 875 2101 angelorum
889 2024 973 2084 inter
988 2041 1021 2083 se
1038 2041 1156 2103 pugna.

269 2123 403 2201 Propter
417 2141 529 2184 vocem
552 2123 722 2184 resistendi
739 2131 771 2184 et
784 2142 814 2184 v.
830 2124 869 2183 20
882 2123 1061 2202 proeliandi
1077 2124 1228 2184 adversus
1242 2121 1421 2201 principem
1433 2122 1548 2182 Persa·

230 2238 301 2282 rum
323 2221 469 2282 nonnulli
492 2221 524 2280 in
544 2221 689 2300 principe
714 2223 882 2282 Persarum
906 2222 1027 2281 malum
1051 2222 1201 2300 angelum
1220 2220 1456 2299 agnoscendum
1477 2236 1549 2278 esse

229 2323 393 2396 putarunt.
409 2320 455 2380 lta
470 2319 587 2396 legitur
599 2319 682 2397 apud
698 2320 881 2380 Cassianum
900 2319 1072 2379 collatione
1085 2321 1104 2379 8
1118 2337 1185 2397 cap.
1204 2321 1242 2379 13
1254 2320 1308 2398 (M.
1323 2321 1436 2391 lllffl
1450 2315 1548 2394 serp),

229 2416 370 2493 itemque
391 2417 424 2475 in
439 2417 520 2476 libro
535 2415 624 2496 (olim
646 2417 677 2476 S.
695 2417 850 2496 Prospero
866 2416 1037 2495 adscripto)
1055 2417 1095 2476 de
1113 2416 1383 2495 promissionibus
1403 2420 1435 2476 et
1454 2431 1547 2492 prae·

229 2512 424 2574 dictionibus
448 2514 519 2584 Dei,
544 2520 634 2592 parte
659 2518 677 2573 4
698 2531 778 2592 quae
805 2515 902 2574 etiam
927 2516 962 2573 in
980 2514 1155 2575 dimidium
1177 2514 1331 2593 temporis
1361 2513 1549 2574 inscribitur

228 2627 297 2688 cap.
313 2609 395 2689 illd.
411 2611 551 2689 51,8ao);
567 2611 679 2673 eadem
691 2611 848 2677 sententia
862 2613 1080 2689 proponitura
1095 2614 1247 2692 liuperto
1258 2613 1371 2672 abbate
1386 2611 1545 2680 tuitiensi,

197 2717 200 2722 '
227 2707 374 2784 inopere
397 2707 436 2768 de
461 2707 594 2768 victoria
614 2709 710 2769 Verbi
733 2709 788 2769 lib.
812 2710 831 2767 9
857 2727 926 2786 cap.
943 2712 994 2768 6.l
1010 2709 1063 2788 (u.
1089 2708 1268 2788 matroon
1286 2709 1362 2770 dein
1382 2709 1451 2768 fuse
1472 2726 1548 2769 eam

229 2811 411 2884 propugnat
425 2805 523 2866 Sonct.
542 2811 625 2866 etex
644 2807 874 2867 recentioribus
892 2809 1143 2885 protestantibus
1159 2825 1229 2870 eam
1250 2809 1488 2885 amplectuntur
1501 2806 1544 2866 Z.

228 2903 307 2963 Keil.
325 2903 490 2965 Sententia
513 2905 545 2965 S,
569 2906 652 2964 Hier.
669 2909 773 2982 potest
797 2905 829 2962 in
853 2909 1022 2983 utramque
1048 2910 1171 2983 partem
1187 2905 1279 2965 verti.
1296 2905 1380 2965 Dicit
1394 2905 1480 2964 enim
1504 2905 1546 2965 ad

227 3021 256 3061 v.
272 3002 309 3060 ta
326 3019 333 3059 :
349 3025 364 3056 (ι
378 3000 504 3062 videtur
514 3001 594 3062 mihi
608 3001 659 3062 hic
673 3019 742 3062 esse
754 3003 884 3080 angelus
897 3003 946 3064 cui
960 3004 1063 3064 Persis
1074 3002 1194 3064 credita
1209 3007 1257 3063 est
1270 3003 1356 3063 iuxta
1366 3001 1445 3063 illud
1455 3003 1547 3080 quod

228 3101 259 3160 in
285 3101 534 3160 Deuteronomio
557 3101 693 3178 legimus
711 3117 718 3158 :
734 3100 859 3177 quando
884 3100 1047 3161 dividebat
1062 3101 1243 3160 Altissimus
1263 3105 1374 3180 gentes
1390 3106 1422 3160 et
1440 3100 1545 3161 disse·

227 3198 369 3257 minabat
384 3199 466 3257 tilios
482 3198 597 3266 Adam,
615 3198 727 3258 statuit
739 3198 895 3258 terminos
909 3200 1054 3276 gentium
1069 3198 1159 3258 iuxta
1171 3215 1345 3259 numerum
1357 3199 1545 3277 angelorum

226 3295 282 3355 Dei
299 3293 404 3375 (Dent.
427 3297 499 3365 328
517 3294 646 3374 LXX)...
666 3296 784 3355 restitit
804 3296 935 3374 angelus
956 3296 1124 3356 Persarum
1140 3297 1259 3357 iaciens
1274 3314 1331 3375 pro
1347 3296 1468 3357 credita
1481 3297 1545 3355 sibi

225 3392 387 3472 provincia
403 3411 444 3452 ne
465 3394 659 3470 captivorum
676 3394 780 3453 omnis
797 3395 935 3472 populus
957 3393 1174 3454 dimitteretur
1189 3418 1217 3453 a.
1232 3395 1307 3466 Quis
1323 3394 1455 3454 audiens
1470 3395 1545 3454 Per-

226 3490 330 3550 sidem
345 3491 489 3550 creditom
511 3491 635 3568 angelo,
652 3491 780 3568 angelos
799 3493 868 3568 Dei,
882 3509 937 3568 pro
948 3492 1064 3552 credito
1078 3493 1138 3551 sibi
1162 3493 1325 3570 provincia
1339 3491 1488 3568 angelum
1498 3491 1545 3551 fa·

226 3585 365 3648 cientem
382 3606 444 3647 non
460 3588 578 3664 cogitat
597 3587 636 3646 de
655 3588 737 3647 bono
753 3589 886 3666 angelo?
900 3590 940 3648 At
955 3589 1062 3649 media
1077 3589 1111 3649 in
1131 3589 1289 3649 sententia
1304 3589 1391 3650 aliud
1407 3590 1499 3669 pouit
1512 3606 1541 3650 s.

226 3683 358 3745 doctor:
378 3709 391 3738 α
408 3685 460 3745 isti
477 3690 552 3746 sunt
567 3683 728 3764 principes
750 3685 789 3746 de
812 3685 930 3763 quibus
947 3692 979 3746 et
992 3687 1110 3747 Paulus
1125 3687 1287 3765 apostolus
1311 3687 1451 3765 loquitur
1467 3711 1474 3746 :
1490 3705 1544 3747 sa-

225 3782 380 3860 pientiam
403 3782 568 3860 loquimur
586 3783 858 3860 interponentes,
874 3800 970 3860 quam
985 3785 1093 3844 nullus
1108 3784 1291 3862 principum
1305 3785 1422 3844 saeculi
1444 3783 1543 3845 huius

226 3881 389 3958 coguovit;
404 3881 431 3940 si
445 3880 532 3940 enim
543 3882 775 3958 cognovissent,
787 3898 952 3959 nunqnam
964 3882 1140 3942 Dominum
1150 3881 1269 3959 gloriae
1280 3883 1510 3941 crucifixissent
1525 3906 1541 3937 »

224 3975 250 4055 (t
270 3979 338 4038 Cor.
356 3978 430 4056 26),
448 3978 480 4039 id
496 3979 581 4055 quod
597 3979 687 4038 unice
704 3979 742 4038 de
759 3978 850 4038 malis
864 3979 985 4057 angelis
999 3980 1062 4040 dici
1072 3984 1193 4058 potest3
1206 3984 1303 4057 atque
1316 3979 1447 4040 demum
1462 3997 1543 4040 con-

225 4073 325 4134 cludit
342 4093 348 4134 :
369 4099 383 4130 «
402 4074 521 4135 restitit
535 4076 682 4152 princeps
696 4075 864 4136 Persarum
880 4094 1070 4137 enumerans
1086 4082 1212 4155 peccata
1224 4078 1333 4155 populi
1348 4077 1544 4138 ludaeorum

225 4171 310 4249 quod
335 4173 416 4233 iusta
441 4177 626 4232 tenerentur
638 4173 753 4251 captivi
776 4178 807 4232 et
830 4174 949 4233 dimitti
970 4193 1035 4235 non
1061 4174 1214 4235 deberent
1238 4197 1266 4232 ».
1286 4175 1345 4244 Oui
1370 4174 1408 4235 de
1427 4175 1542 4252 angelo

224 4270 309 4330 malo
325 4271 499 4348 explicant,
517 4271 708 4348 quandoque
729 4276 907 4348 provocant
922 4273 961 4332 ad
979 4275 1018 4332 Is.
1035 4275 1140 4346 atat.
1155 4274 1224 4332 Bar.
1241 4275 1305 4345 lsi.
1320 4276 1334 4332 l
1358 4275 1434 4352 lleg.
1455 4275 1541 4344 lod.

213 4368 243 4452 ,3
260 4367 335 4443 lteg.
353 4369 455 4441 2232.
476 4370 491 4428 l
509 4368 578 4430 Cor.
597 4369 704 4442 tu,ao;
722 4369 833 4445 utique
856 4367 917 4429 hoc
937 4374 1062 4430 certum
1078 4375 1127 4430 est
1148 4371 1319 4430 daemones
1342 4374 1374 4430 et
1396 4369 1541 4449 singulos

224 4463 374 4524 infestare
394 4469 425 4524 et
440 4467 472 4525 in
488 4484 594 4544 pugna
608 4467 751 4544 gentium
768 4470 877 4526 contra
895 4485 1031 4544 rognum
1047 4469 1103 4528 Dei
1119 4486 1192 4528 suas
1207 4486 1300 4545 agore
1316 4472 1437 4547 partes;
1453 4473 1485 4528 at
1501 4486 1541 4529 ex

226 4579 264 4622 eo
282 4562 415 4622 minima
434 4564 579 4639 sequitur
601 4565 697 4622 etiarn
716 4569 824 4624 nostro
845 4565 916 4625 loco
932 4565 1098 4631 diabolum
1122 4584 1140 4626 a
1160 4565 1316 4644 propheta
1336 4565 1472 4626 describi
1487 4554 1540 4625 rel

226 4660 416 4719 daemonem
431 4661 537 4720 vocari
553 4661 592 4720 ab
607 4662 719 4738 angelo
735 4661 913 4739 principem
927 4665 1105 4723 Persarum.

267 4756 442 4835 Singularis
466 4762 514 4817 est
537 4759 693 4817 sententia
717 4760 814 4819 Calor.
837 4761 891 4837 qui
916 4761 1038 4820 mavult
1059 4762 1237 4839 principem
1260 4760 1344 4822 hunc
1367 4763 1539 4821 Persarum
