3550 5367
782 348 861 406 Dax.
884 347 913 416 9,
938 349 976 407 ⁶25
1282 418 1292 436 Δ,
1452 350 1535 410 ,949

213 502 287 575 tur,
308 499 346 561 ut
365 496 598 591 inquiramus,
616 496 705 562 sitne
724 518 764 563 eo
787 501 936 585 potestas
957 499 1027 563 iam
1047 518 1203 565 concessa
1226 519 1316 563 anno
1340 499 1438 583 regni
1463 498 1535 563 eius

211 602 380 691 septimo,
398 624 477 668 cum
501 601 621 669 Fsdras
642 604 677 669 in
696 601 856 670 Iudaeam
872 610 1047 693 pergeret.
1064 610 1172 693 Atque
1191 603 1227 670 id
1247 605 1386 670 omnino
1401 603 1536 670 videtur

212 710 315 797 sequi
328 714 361 774 et
375 731 416 775 ex
435 710 651 776 concessione
665 709 878 799 amplissima
896 710 1018 777 litteris
1038 711 1129 801 regis
1148 733 1304 800 expressa
1326 717 1413 777 etex
1433 711 1536 777 rebus

214 815 324 899 gestis
336 813 504 905 dictisque
522 837 611 905 quae
625 814 668 881 de
688 814 795 881 Esdra
809 822 842 882 et
855 818 1023 911 Nebemia
1041 817 1251 885 referuntur.
1274 816 1423 906 Epistola
1444 820 1533 907 onim
1597 824 1603 841 ¹

216 921 316 1007 regia
327 922 428 1011 plena
443 921 543 988 datur
556 922 681 989 Esdrae
696 927 845 1013 potestas
858 923 1101 1009 res-religiosas
1120 927 1153 988 et
1164 924 1278 991 civiles
1292 922 1490 1002 ordinandi3
1504 922 1536 989 ei

216 1028 439 1117 permittitur,
462 1034 500 1095 ut
513 1028 684 1119 quidquid
697 1028 762 1095 sibi
778 1034 811 1095 et
828 1029 995 1095 iratribus
1009 1030 1177 1119 placuerit
1195 1030 1298 1096 iaciat
1313 1031 1406 1096 iuxta
1420 1029 1536 1095 volun-

214 1140 321 1200 tatem
342 1136 400 1201 nei
415 1157 447 1202 v.
471 1141 529 1215 183
546 1135 759 1224 praecipitur
780 1137 810 1201 ei
831 1141 869 1201 ut
887 1136 1068 1203 constituat
1089 1135 1219 1202 iudices
1240 1141 1274 1203 et
1291 1134 1479 1225 praesides,
1497 1140 1535 1201 ut

214 1239 531 1332 doceatimperitos
548 1265 581 1309 v.
609 1249 664 1309 25.
688 1241 753 1308 Sed
773 1242 946 1331 quomodo
966 1242 1158 1331 respublica
1178 1244 1228 1308 ita
1251 1243 1384 1309 institui
1405 1247 1531 1332 potest,

215 1348 284 1412 nisi
299 1353 436 1435 praeter
446 1347 617 1437 templum
636 1349 739 1414 etiam
753 1348 836 1415 urbs
851 1371 868 1414 e
888 1350 999 1415 ruinis
1013 1350 1154 1435 surgat?
1167 1353 1272 1416 Porro
1294 1351 1330 1415 in
1350 1350 1447 1435 regia
1463 1350 1532 1438 epi-

211 1452 303 1520 stola
314 1454 473 1521 omnibus
487 1455 708 1545 permittitur,
722 1460 759 1521 ut
771 1460 987 1522 revertantur
1001 1456 1036 1521 in
1050 1456 1233 1521 Ierusalem
1243 1479 1276 1521 v.
1292 1462 1331 1522 13
1343 1478 1350 1537 ;
1363 1462 1396 1521 et
1410 1454 1534 1521 Esdrae

214 1560 426 1649 praecipitur
437 1566 475 1628 ut
484 1561 602 1628 omnia
612 1562 648 1628 in
658 1561 783 1629 ludaea
790 1567 824 1627 et
840 1562 1023 1628 lerusalem
1031 1560 1215 1647 diligenter
1226 1561 1386 1651 inspiciat
1401 1582 1534 1628 eorum-

214 1688 285 1755 que
305 1688 424 1733 curam
443 1672 542 1755 gerat
557 1667 712 1735 sedulam
732 1669 779 1757 (v.
802 1675 842 1735 rt
860 1668 942 1761 xps).
961 1668 1089 1747 Quibus
1112 1668 1225 1735 verbis
1244 1673 1391 1758 potestas
1411 1668 1533 1734 urbem

213 1790 418 1857 restituendi
435 1791 515 1858 data
531 1797 591 1859 est.
617 1798 728 1882 Atque
748 1792 840 1858 idem
854 1793 1048 1859 continetur
1062 1793 1099 1859 in
1114 1794 1268 1859 oratione
1289 1792 1414 1859 Esdrae
1430 1814 1533 1881 quam

213 1918 292 1985 cap.
310 1904 329 1964 9
344 1905 443 1984 grato
454 1900 571 1965 animo
590 1898 696 1981 fudit3
712 1898 795 1966 dicit
810 1901 903 1965 enim
919 1922 926 1967 :
943 1904 1029 1965 Deus
1043 1898 1222 1965 inclinavit
1235 1920 1337 1989 super
1350 1920 1411 1964 nos
1431 1898 1535 1965 mise-

213 2002 401 2070 ricordiam
418 2027 533 2071 coram
553 2026 635 2091 rege
650 2009 832 2071 Persarum
853 2011 892 2071 ut
911 2005 1008 2071 daret
1032 2005 1129 2071 nobis
1148 2006 1253 2071 vitam
1277 2010 1310 2071 et
1334 2004 1536 2070 sublimaret

211 2109 358 2176 domum
372 2110 429 2177 Dei
442 2113 548 2177 nostri
563 2117 595 2178 et
611 2124 797 2178 exstrueret
809 2111 1009 2178 solitudines
1023 2112 1094 2177 etos
1110 2118 1144 2177 et
1158 2111 1256 2178 duret
1268 2110 1362 2177 nobis
1372 2132 1483 2201 sepem
1499 2109 1535 2175 in

216 2216 304 2283 ludo
324 2227 357 2282 ct
381 2218 587 2301 lamuelem
603 2233 656 2312 πῃ
673 2223 787 2285 autem
804 2223 854 2285 est
875 2238 1010 2299 murus,
1031 2217 1125 2283 locus
1147 2219 1298 2284 munitus
1323 2221 1425 2305 atque
1450 2217 1533 2283 scite

215 2340 364 2407 advertit
382 2342 543 2408 Peto-uires
563 2342 687 2432 (doctr.
710 2348 817 2432 temp.
839 2342 953 2427 1239)
974 2347 1145 2409 exstruere
1170 2341 1370 2429 solitudines
1394 2342 1466 2407 eius
1489 2340 1533 2407 de

214 2448 290 2536 ipso
307 2449 435 2537 templo
457 2471 526 2515 non
544 2472 641 2538 posse
663 2448 813 2535 intelligi
828 2450 956 2540 quippe
970 2447 1062 2539 quod
1081 2470 1171 2515 anno
1185 2454 1205 2515 6
1219 2448 1310 2515 Darii
1325 2446 1532 2537 completum

212 2554 283 2620 iani
295 2555 492 2639 eratldem
505 2555 680 2642 colligitur
694 2579 734 2622 ex
746 2541 961 2623 accusatione
975 2578 1079 2645 quam
1092 2556 1224 2622 inimici
1238 2555 1439 2622 ludaeorum
1455 2576 1534 2620 mox

214 2659 260 2726 ad
280 2666 486 2728 Artaxerxen
511 2682 630 2749 regem
653 2662 898 2752 perferebant:
927 2669 1046 2729 notum
1072 2663 1115 2728 sit
1137 2664 1214 2748 regi
1233 2662 1315 2752 quia
1334 2661 1450 2728 Iudaei
1472 2660 1532 2751 qui

213 2766 441 2834 ascenderunt
458 2791 477 2835 a
498 2774 531 2835 te
545 2769 590 2835 ad
605 2791 665 2835 nos
680 2774 849 2836 venerunt
868 2770 905 2835 in
921 2769 1104 2836 Ierusalem
1125 2770 1298 2836 civitatem
1315 2768 1479 2835 rebellem
1500 2772 1532 2832 et

213 2874 514 2964 pessimamquam
529 2875 713 2942 aedificant
728 2882 938 2942 exstruentes
956 2897 1072 2941 muros
1091 2876 1161 2941 eius
1178 2880 1210 2942 et
1230 2875 1376 2964 parietes
1393 2897 1531 2963 compo-

211 2985 334 3047 nentes
350 2980 459 3070 (Esdr.
482 2989 579 3062 t,12;
595 2984 639 3049 cl.
660 3007 690 3047 v.
710 2988 761 3050 13.
777 2983 848 3071 16);
861 2988 1000 3048 monent
1014 3002 1131 3068 regem
1147 2982 1216 3047 iam
1231 3002 1298 3047 non
1311 2987 1530 3069 recepturum

212 3086 380 3154 tributum
395 3094 429 3154 et
443 3088 591 3175 vectigal
606 3090 693 3155 urbe
711 3089 907 3169 aedificata,
925 3089 1031 3155 immo
1046 3088 1158 3176 ipsum
1172 3086 1378 3153 amissurum
1393 3108 1529 3153 omnem

210 3196 460 3282 possessionem
483 3200 577 3262 trans
600 3198 814 3285 Euphraten,
835 3195 957 3261 urbem
984 3195 1077 3260 enim
1098 3193 1193 3260 illam
1215 3214 1349 3283 semper
1369 3193 1529 3260 exstitisse

211 3300 389 3368 rebellem.
406 3306 446 3368 Et
461 3324 519 3369 rex
539 3304 752 3369 accusatione
767 3301 828 3367 illa
842 3306 875 3368 et
892 3300 993 3367 minis
1014 3302 1063 3366 ita
1081 3322 1200 3367 revera
1223 3306 1271 3366 est
1293 3301 1473 3387 instigatus
1491 3305 1529 3365 ut

211 3406 413 3475 rescriberet
425 3430 433 3476 :
447 3408 660 3498 prohibeatis
671 3410 760 3475 viros
771 3407 858 3491 illos,
875 3414 913 3474 ut
932 3407 1015 3474 urbs
1030 3405 1090 3473 illa
1109 3428 1177 3473 non
1194 3406 1405 3490 aedificetur,
1420 3406 1528 3474 donec

211 3534 233 3578 a
250 3534 304 3579 me
323 3514 451 3581 iussum
464 3516 581 3583 luerit.
600 3520 716 3605 Neque
736 3514 819 3581 dicit
840 3522 957 3581 tamen
978 3536 1035 3581 eos
1056 3514 1163 3600 egisse
1184 3520 1304 3581 contra
1326 3520 1525 3603 potestatem

210 3640 232 3683 a
248 3620 421 3687 selectam
437 3644 548 3710 neque
565 3644 622 3688 eos
632 3628 773 3713 propter
787 3623 960 3711 inceptam
975 3620 1246 3687 aedificationem
1263 3622 1376 3711 punit,
1394 3620 1453 3686 sed
1470 3643 1524 3687 so-

209 3725 282 3791 lum
295 3729 480 3816 praecipit,
501 3735 539 3794 ut
554 3729 817 3818 prohibeantur,
838 3734 877 3794 ut
896 3728 1088 3795 aedificatio
1103 3728 1251 3794 sistatur.

255 3833 338 3899 Huic
352 3856 492 3923 prorsus
506 3837 667 3921 congruit
678 3834 769 3923 quod
779 3835 863 3902 Neh.
882 3841 937 3919 1,3
953 3857 1023 3923 seq.
1039 3840 1072 3901 et
1087 3841 1143 3914 2,3
1157 3833 1199 3900 de
1214 3836 1377 3901 Nehemia
1386 3834 1525 3919 legitur.

208 3944 308 4005 Anno
323 3941 415 4006 enim
439 3942 603 4029 vigesimo
625 3943 715 4027 regis
733 3942 923 4008 Artaxerxis
944 3962 1059 4008 mense
1079 3940 1191 4007 casleu
1210 3942 1340 4032 Hanani
1356 3962 1434 4007 cum
1452 3941 1528 4007 aliis

209 4067 251 4110 ex
266 4045 348 4113 luda
366 4050 508 4115 veniunt
530 4047 574 4114 ad
589 4049 806 4128 Nehemiam,
828 4049 886 4137 qui
910 4070 966 4114 eos
982 4049 1173 4133 interrogat
1191 4046 1233 4113 de
1253 4047 1447 4114 Ierusalem.
1473 4047 1524 4114 llli

208 4152 435 4239 respondent:
454 4176 573 4221 murus
587 4156 769 4221 lerusalem
789 4153 972 4244 dissipatus
990 4158 1087 4219 estet
1106 4158 1226 4242 portae
1241 4154 1313 4219 eius
1331 4154 1526 4221 combustae

207 4264 289 4325 sunt
302 4259 392 4345 ignit
412 4285 429 4320 α
445 4282 592 4349 cumque
605 4260 775 4327 audissem
791 4260 896 4326 verba
911 4258 1165 4339 huiuscemodi,
1182 4258 1254 4325 sedi
1269 4264 1302 4325 et
1317 4262 1396 4325 llevi
1411 4266 1444 4326 et
1457 4260 1527 4327 luxi

207 4363 330 4431 diebus
338 4362 468 4447 multis,
477 4366 675 4434 ieiunabam
687 4373 720 4436 et
729 4366 869 4434 orabam
879 4372 957 4433 ante
965 4365 1089 4433 taciem
1098 4366 1157 4431 bei
1166 4364 1253 4431 coeli
1262 4371 1294 4431 et
1303 4366 1370 4432 dixi
1378 4394 1392 4429 u
1405 4374 1468 4435 etc.
1480 4373 1526 4435 Ex

207 4492 279 4558 qua
293 4472 489 4539 narratione
504 4474 660 4562 sequitur
673 4475 768 4541 urbis
782 4470 1057 4540 aedificationem
1077 4471 1180 4537 luisse
1197 4473 1388 4563 inceptam,
1406 4472 1465 4540 sed
1480 4474 1524 4540 ab

204 4575 357 4644 inimicis
368 4600 439 4645 non
450 4580 559 4645 solum
574 4581 713 4647 ludaeos
727 4603 797 4647 esse
810 4578 1014 4669 prohibitos,
1030 4577 1205 4645 sedetiam
1218 4579 1387 4668 quaeiam
1403 4581 1523 4648 aedifi-

206 4688 283 4749 cata
296 4685 507 4752 orantiuisse
522 4686 705 4754 destructa.
723 4687 757 4754 Si
777 4686 870 4752 enim
890 4686 978 4751 nihil
994 4684 1189 4751 laboratum
1203 4690 1252 4751 est
1266 4686 1300 4751 io
1322 4686 1407 4753 urbe
1427 4688 1523 4753 aedi·

205 4788 357 4871 ficanda,
373 4790 432 4857 sed
451 4794 572 4860 ruinae
593 4799 830 4860 remanserunt
844 4792 964 4859 eodem
986 4798 1074 4860 statu
1088 4792 1124 4857 in
1142 4813 1244 4881 quem
1260 4814 1350 4859 anno
1375 4798 1439 4860 586
1461 4816 1522 4882 per
