3550 5367
231 300 291 360 rau
504 279 508 286 “
703 355 704 358 .
746 363 747 374 ,
803 296 976 367 u.m.a,r

231 455 262 512 te
277 471 306 511 v.
321 454 423 513 13-16.
441 454 504 512 lam
515 468 589 512 vero
605 451 677 529 quis
693 448 914 510 censebitillio
930 447 1221 508 Nabuchodonosor
1233 447 1316 524 regis
1327 450 1433 507 vatem
1447 447 1548 507 luisse

232 549 399 628 ignotum?
413 549 449 610 id
473 549 511 610 de
534 549 692 610 baltassar
707 547 773 608 filio
788 545 944 608 Nabonidi
959 545 1086 625 concipi
1101 549 1222 623 potest;
1239 543 1278 604 de
1294 544 1360 604 filio
1381 543 1549 605 Nabucbo-
1653 568 1657 577 ·

230 645 369 707 donosor
383 647 439 725 qui
454 650 527 726 post
542 651 679 706 mortem
694 645 793 722 patris
810 644 840 703 in
853 660 951 721 regno
967 643 1120 703 successit
1130 642 1243 720 nequit
1257 642 1400 721 cogitari.
1412 644 1550 702 Demum

231 761 287 804 eur
300 745 411 804 Daniel
430 748 537 806 tertias
552 745 584 804 in
607 760 705 822 regno
723 741 945 812 constituatur,
963 740 996 800 in
1012 759 1050 801 ea
1064 741 1221 801 sententia
1241 739 1330 801 nulla
1345 746 1451 819 potest
1467 741 1549 802 ratio

231 841 352 916 atierri;
374 829 620 920 potestantem,
645 841 671 900 si
697 841 856 900 baltassar
880 839 963 898 illius
986 838 1177 898 Nabonidia
1197 837 1327 899 Daniele
1351 837 1546 916 designatur.

216 940 373 1022 ,Denique
397 940 520 999 nullum
542 937 703 1016 reperitur
723 937 814 998 ullibi
838 937 1010 1014 vestigium
1028 940 1101 1014 post
1118 935 1364 997 Evilmerodacb
1384 935 1549 996 bominem

231 1053 268 1097 ex
291 1039 384 1114 gente
413 1037 577 1097 Medorum
608 1036 778 1114 imperinm
811 1051 976 1096 summum
998 1051 1185 1112 usurpasse;
1211 1050 1329 1094 nomen
1352 1034 1549 1112 Nergalaar-

232 1137 406 1222 usurcerte
420 1151 484 1194 non
500 1133 606 1212 prodit
631 1132 788 1212 originem
807 1150 846 1193 ex
862 1131 981 1204 Media,
1000 1137 1032 1192 et
1052 1130 1154 1192 altero
1173 1131 1301 1192 nomine
1318 1137 1465 1193 vocatum
1477 1147 1548 1192 esse

231 1231 421 1310 Neriglissor
442 1233 571 1293 Darium
592 1233 711 1309 pariter
735 1230 874 1309 gratuito
897 1228 1111 1308 excogitatum
1136 1233 1195 1289 est.
1221 1229 1310 1290 Adde
1332 1234 1457 1307 patrem
1477 1229 1548 1290 eius

232 1329 385 1408 appellari
401 1345 509 1408 regem
530 1329 718 1407 Babylonis3
741 1346 819 1390 num
843 1328 926 1389 Medi
947 1328 1012 1388 iam
1029 1331 1174 1405 tempore
1189 1327 1476 1388 Nabuchodonosor
1489 1327 1548 1386 im-

236 1429 362 1506 perium
387 1429 537 1488 tenebant
559 1427 803 1504 babylonicum?
823 1427 904 1487 Dein
926 1443 1007 1504 quae
1029 1428 1108 1486 Dan.
1133 1427 1207 1498 538
1224 1426 1395 1504 leguntur:
1413 1441 1548 1504 regnum

234 1532 326 1587 tunm
343 1526 452 1587 datum
467 1529 514 1606 est
529 1537 602 1592 orbi
618 1513 693 1588 libb
707 1541 778 1586 eam
793 1524 1040 1601 explicationem
1053 1541 1147 1601 quam
1161 1523 1193 1583 d
1193 1520 1312 1584 Baetra
1326 1524 1476 1601 proponit
1484 1541 1547 1583 non

231 1624 421 1696 admittunt,
438 1641 512 1684 cum
526 1624 623 1684 verba
645 1623 724 1685 haec
748 1639 876 1700 semper
891 1622 931 1695 de
951 1639 1049 1700 regno
1064 1621 1301 1701 medo-persico
1322 1620 1546 1692 adhibeantur;

231 1721 303 1782 vide
319 1724 397 1782 Dan.
423 1722 486 1793 6,9.
504 1723 554 1782 13.
579 1723 632 1794 ra;
649 1722 733 1794 830.
757 1711 848 1780 usta.
870 1722 932 1790 t,3.
958 1723 1007 1779 ll.
1026 1721 1081 1791 te;
1108 1719 1343 1791 dubtulach.
1363 1721 1429 1790 t,l;
1450 1736 1546 1796 quare

231 1819 410 1880 necessario
426 1819 522 1879 etiam
542 1819 617 1879 Dan.
632 1819 704 1894 5,ἳὸ
717 1817 836 1878 assumi
854 1818 949 1878 debet
964 1817 1061 1878 dictio
1075 1818 1114 1877 de
1130 1817 1244 1878 eodem
1258 1833 1356 1896 regno
1368 1817 1547 1894 medo-per-

232 1918 308 1977 sico.
320 1916 400 1978 Vide
415 1933 542 1995 quoque
557 1914 597 1976 D.
616 1935 646 1994 p.
664 1917 716 1977 79.
726 1916 775 1976 81.

402 2131 432 2198 a)
452 2131 648 2184 convivium
667 2131 758 2196 regls
779 2132 813 2182 et
832 2130 1006 2194 scriptura.
1023 2130 1059 2182 ln
1078 2130 1210 2194 pariete
1228 2130 1261 2195 5,
1284 2129 1375 2182 1-12.

277 2319 342 2382 Cur
355 2315 472 2382 Daniel
491 2314 607 2381 multis
622 2314 753 2381 omissis
772 2313 816 2381 ad
831 2315 998 2381 Baltassar
1012 2320 1177 2398 trauseat,
1190 2315 1258 2381 iam
1274 2314 1397 2382 Tbeod.
1409 2314 1547 2381 adnotat

232 2444 301 2489 non
321 2422 461 2487 omnino
476 2419 654 2487 historiam
668 2420 882 2487 conscribere
899 2422 967 2486 vati
977 2420 1013 2486 in
1028 2421 1143 2487 animo
1153 2442 1224 2487 esse
1237 2421 1294 2487 sed
1310 2420 1544 2510 prophetiam,

233 2555 249 2588 «
267 2526 493 2616 quamobrem
512 2549 555 2593 ne
579 2528 695 2593 omnia
713 2526 852 2616 quidem
875 2548 964 2615 quae
981 2550 1002 2593 a
1020 2527 1331 2595 Nabuchodonosor
1353 2534 1449 2614 gesta
1469 2532 1548 2595 sunt

231 2633 352 2699 litteris
362 2631 574 2720 consignavit
590 2632 648 2698 sed
663 2633 723 2698 illa
737 2631 914 2699 dumtaxat
928 2655 1075 2722 quorum
1087 2636 1278 2701 necessaria
1292 2635 1448 2700 utilitatis
1463 2656 1548 2722 ergo

230 2745 305 2805 erat
324 2739 504 2818 memoria3
521 2737 782 2828 quaudoitaque
796 2740 981 2806 maximum
993 2741 1095 2806 etiam
1111 2742 1147 2807 in
1161 2741 1328 2808 Baltussar
1343 2746 1548 2808 Deusosten-

232 2845 282 2910 dit
296 2839 516 2929 miraculum,
531 2844 623 2934 qued
641 2850 674 2913 et
684 2844 843 2911 idoneum
861 2851 946 2912 esset
957 2845 1001 2912 ad
1011 2847 1285 2934 ingenerandum
1296 2847 1454 2916 timorem
1468 2869 1547 2914 cum

233 2952 620 3018 reverentianonsolum
638 2951 679 3018 iis
691 2951 751 3041 qui
761 2957 843 3019 tunc
855 2953 1016 3020 vivebant
1026 2953 1085 3020 sed
1095 2955 1197 3021 etiam
1209 2955 1368 3044 posteris,
1386 2954 1547 3044 quodque

233 3058 371 3128 duceret
391 3057 436 3124 ad
452 3079 568 3124 veram
584 3057 763 3147 pictatem,
780 3080 852 3126 non
867 3060 1069 3126 existimavit
1087 3081 1235 3149 aequum
1248 3083 1318 3128 esse
1333 3066 1468 3128 tantum
1485 3061 1547 3127 be-

232 3165 393 3232 neficium
402 3164 712 3232 silentiooccultare
726 3193 742 3227 »
752 3183 759 3242 ;
770 3188 804 3233 v.
817 3172 833 3233 1
850 3193 865 3227 a
876 3166 1208 3257 Baltassarreafecit
1216 3167 1346 3257 prande
1357 3168 1544 3234 convivium

231 3270 452 3362 optimatibus
468 3271 536 3337 saia
555 3271 648 3338 mille
671 3284 703 3337 et
726 3271 956 3362 aurisquisqae
975 3271 1162 3339 sacrandam
1181 3295 1279 3340 suam
1299 3273 1431 3340 bibebat
1451 3287 1545 3350 aeta-

233 3392 300 3446 tem
317 3400 352 3460 »3
374 3416 419 3427 -
434 3379 472 3444 in
491 3383 609 3445 textu:
634 3389 668 3444 et
692 3401 806 3445 corum
828 3379 923 3446 mille
949 3379 1067 3446 einum
1090 3379 1222 3446 babebat
1245 3381 1298 3470 (ci.
1323 3381 1432 3449 Mald.
1458 3385 1544 3449 Mar.

233 3492 355 3583 Lapa),
376 3491 563 3560 Theodotio
582 3515 590 3561 :
609 3488 665 3554 καὶ
685 3493 846 3556 κατέναντι
866 3499 929 3556 τῶν
947 3488 1055 3580 χιλίων
1069 3490 1084 3556 b
1099 3486 1176 3568 οἶνος
1196 3492 1248 3557 καὶ
1264 3492 1361 3559 πίνων
1378 3493 1547 3586 Βαλτάσαρ

233 3601 333 3691 einer,
352 3607 576 3698 aliter'itaqne
587 3608 711 3694 iungit.
731 3614 803 3699 lpse
817 3611 852 3677 S.
866 3610 959 3678 Hier.
973 3615 1068 3678 notat
1080 3617 1207 3679 ceteros
1221 3613 1424 3703 interpretes
1439 3619 1547 3680 trans-

232 3716 347 3782 tulisse
363 3737 371 3780 :
389 3713 531 3782 bibebat
548 3716 620 3804 ipse
636 3736 694 3781 rer
713 3715 831 3782 vinum
846 3739 962 3784 coram
977 3719 1108 3784 cunctis
1121 3710 1334 3809 principibus
1348 3742 1433 3810 quos
1449 3741 1547 3787 voca-

233 3828 339 3889 verat.
358 3822 486 3888 Dicitur
501 3843 614 3888 coram
628 3821 685 3901 iis,
700 3826 736 3887 ut
746 3821 958 3908 significetur
974 3846 1092 3911 regem
1105 3826 1141 3891 in
1156 3827 1231 3891 loco
1246 3826 1387 3893 editiore
1399 3850 1440 3894 ac
1451 3849 1546 3916 sepa·

233 3936 307 3996 rato
322 3927 523 4011 consedisse,
539 3929 588 3994 ita
601 3933 639 3994 ut
654 3929 818 3995 convivae
838 3952 878 3995 ex
896 3931 968 3997 eius
987 3933 1125 4018 regione
1145 3938 1254 3999 essent
1276 3933 1333 4022 (cf.
1352 3935 1424 4000 Est.
1446 3933 1543 4002 Rabl.

234 4037 325 4102 thaz.
342 4038 377 4101 Z.
396 4033 502 4124 Keil).
520 4033 618 4110 Quod
638 4036 675 4102 S.
692 4036 787 4103 Hier.
807 4035 912 4103 habet
934 4036 1119 4104 recreandam
1136 4052 1299 4121 aetatem,
1322 4040 1491 4129 explicant
1507 4062 1548 4107 eo

234 4141 326 4230 quod
341 4129 426 4207 eaba
440 4141 673 4231 explanaverit
688 4140 809 4209 codem
827 4165 928 4210 sensu
943 4166 1011 4234 quo
1030 4131 1107 4238 ²]th
1122 4145 1284 4236 princeps
1298 4147 1412 4235 stirpis
1429 4145 1484 4213 vel
1497 4147 1547 4215 ia·

235 4266 348 4332 miliae
360 4287 368 4333 :
381 4265 569 4333 secundum
587 4264 679 4355 quod
696 4267 840 4357 quisque
855 4273 929 4335 erat
941 4269 1056 4335 senior
1071 4274 1104 4335 et
1118 4269 1270 4356 dignior,
1284 4271 1398 4361 priore
1415 4278 1474 4339 aut
1487 4296 1548 4364 po-

233 4372 375 4438 steriore
387 4370 462 4438 loco
477 4370 703 4440 accumbebat
714 4372 772 4462 (ci.
785 4373 894 4442 Mald.
913 4378 998 4470 Lap.
1013 4375 1083 4442 Bab
1090 4375 1128 4465 l.)
1142 4399 1149 4458 ;
1165 4380 1240 4444 Ros.
1253 4382 1368 4444 autem
1379 4381 1547 4446 coniectat

234 4487 363 4553 eumin
383 4493 476 4553 textu
492 4487 732 4555 Theodotiouis
751 4513 814 4580 pro
832 4483 940 4580 χιλίων
960 4492 1079 4577 legisse
1098 4493 1239 4574 ditatam
1262 4515 1383 4560 verum
1400 4495 1465 4562 hoc
1484 4517 1544 4563 ue-

235 4616 301 4685 que
320 4615 397 4660 cum
414 4616 453 4659 eo
470 4593 563 4683 quod
580 4597 616 4662 S.
635 4595 732 4662 Hier.
753 4596 795 4662 de
807 4597 926 4664 celeris
941 4598 1189 4689 interpretibus
1202 4600 1284 4667 dicit
1295 4602 1453 4690 componi
1472 4607 1547 4692 pot-

234 4706 283 4767 est
301 4722 411 4790 nequc
432 4699 575 4788 explicat
597 4702 787 4770 versionem
808 4703 896 4782 eius;
913 4725 994 4770 uam
1013 4727 1119 4773 aram.
1142 4694 1223 4800 'bapb
1240 4708 1326 4775 verti
1344 4708 1544 4788 recaredum,
