3550 5367
259 323 320 380 344
814 324 892 382 Dan.
917 322 966 394 13,
988 321 1028 380 65

260 470 395 531 rendum
409 488 478 530 esse
494 471 656 549 putabant.
673 469 769 532 Malu.
788 471 919 548 quidem
930 487 1005 531 eum
1017 470 1219 547 relinquitad
1230 471 1397 531 historiam
1413 472 1578 532 Susannae

260 573 434 641 annexum,
451 568 507 628 sed
523 570 567 629 ita
583 569 718 648 explicat
734 568 865 630 :Daniel
881 569 981 630 sactus
996 573 1044 628 est
1057 585 1192 646 magnus
1215 568 1247 627 in
1267 574 1441 647 conspectu
1461 571 1577 648 populi

260 683 362 743 usque
377 664 415 725 ad
434 671 570 726 mortem
586 667 732 745 Astyagis
748 672 780 726 et
794 684 927 745 regnum
943 667 1029 744 Cyri.
1044 699 1084 710 -
1098 667 1219 727 Verum
1232 664 1293 726 bac
1310 662 1495 744 acceptione
1511 668 1579 726 mi-

260 779 331 823 rum
351 762 477 823 dicendi
492 780 591 842 genus
604 765 806 842 supponitur.
822 764 884 824 Alii
902 764 1085 824 existimant
1099 763 1195 823 verba
1209 779 1277 823 esse
1292 764 1507 842 fragmentum
1521 765 1581 824 ali-

261 861 352 921 cuius
367 860 441 920 libri
458 859 497 921 de
513 862 625 922 exsilio
644 861 694 922 vel
708 861 747 922 de
762 860 904 922 Danielis
919 862 1014 921 rebus
1028 861 1126 939 gestis
1147 860 1338 939 conscripti,
1357 879 1395 920 ex
1410 879 1473 938 quo
1493 861 1581 922 libro

260 956 337 1018 haec
354 958 491 1018 namatio
506 958 548 1018 sit
563 959 756 1037 deprompta
769 958 824 1037 (cl.
848 957 1046 1032 Wiedartott,
1061 958 1224 1036 Tiibinger
1237 958 1479 1028 Quartalsclrriit
1495 960 1580 1019 1872

260 1073 292 1132 p.
307 1057 388 1132 aet).
407 1054 469 1116 Sed
485 1059 520 1116 ut
541 1056 602 1116 alia
625 1057 786 1128 omittam,
804 1058 830 1116 si
852 1057 885 1116 in
907 1075 944 1117 eo
963 1056 1045 1116 libro
1061 1055 1157 1116 verba
1173 1055 1252 1116 haec
1269 1055 1376 1133 posita
1397 1061 1488 1115 erant
1500 1062 1579 1116 ante

260 1152 341 1214 hanc
362 1153 593 1226 narrationem,
618 1154 788 1214 difficultas
808 1158 857 1216 est
877 1154 971 1233 plane
995 1153 1122 1225 eadem,
1147 1153 1309 1231 quomodo
1334 1153 1402 1212 scil.
1428 1172 1447 1212 a
1470 1160 1577 1214 morte

261 1251 404 1327 Astyagis
429 1267 557 1328 gressus
580 1251 634 1312 liat
652 1252 691 1312 ad
711 1253 828 1332 Cyrum
848 1269 958 1330 regern
977 1251 1161 1329 Babylonis;
1179 1249 1296 1328 quodsi
1320 1255 1410 1310 erant
1427 1251 1521 1330 longe
1536 1251 1580 1312 ab

262 1363 300 1408 ea
320 1348 497 1410 narratione
519 1353 680 1427 separata,
700 1367 765 1410 non
793 1349 970 1428 explicatur
993 1366 1049 1409 cur
1068 1342 1143 1410 cum
1162 1365 1201 1408 ea
1223 1348 1288 1408 sint
1311 1348 1491 1409 coniuncta.
1512 1349 1580 1410 Alii

206 1520 210 1536 Ι
262 1445 419 1523 Astyagen
436 1462 604 1525 perperam
628 1447 704 1526 poni
726 1465 784 1526 pro
807 1449 902 1508 Dario
927 1447 1019 1508 Medo
1034 1446 1144 1507 volunt
1162 1445 1210 1506 vel
1230 1463 1268 1506 eo
1287 1446 1416 1506 nomine
1436 1446 1578 1508 eundem

262 1542 392 1602 Darium
415 1543 543 1604 Medum
564 1544 723 1622 designari
747 1545 797 1605 vel
820 1563 939 1606 nomen
963 1544 1108 1622 Astyagis
1130 1543 1229 1604 errori
1253 1544 1428 1604 scribarum
1448 1543 1577 1616 deberi;

263 1640 358 1700 etiam
374 1645 562 1718 provocatur
583 1642 621 1702 ad
638 1644 701 1717 9,t,
719 1642 772 1702 ubi
798 1643 915 1703 Darius
934 1647 1064 1703 vocatur
1085 1641 1170 1702 tilius
1189 1643 1320 1702 Assueri
1340 1641 1426 1718 quod
1445 1643 1578 1702 Assueri

263 1754 379 1798 nomen
394 1755 431 1798 ex
447 1742 535 1799 textu
549 1755 663 1818 graeco
679 1740 795 1800 Tobiae
808 1742 900 1813 lata
917 1739 1074 1819 explicant
1085 1740 1124 1799 de
1137 1739 1290 1818 cyaxare,
1305 1741 1457 1818 Astyages
1470 1743 1581 1800 autem

263 1835 427 1896 eratfilius
442 1840 474 1896 et
489 1852 651 1897 successor
665 1837 811 1916 Cyaxaris
828 1839 850 1898 1.
875 1840 916 1899 At
930 1838 1061 1898 Darium
1081 1837 1207 1898 Medum
1222 1854 1287 1897 non
1301 1853 1396 1916 posse
1411 1853 1483 1898 esse
1498 1855 1581 1896 eun-

262 1929 336 1992 dem
350 1936 445 2010 atque
458 1937 630 2012 Astyagen,
642 1935 707 1995 iam
722 1952 819 2014 supra
834 1934 955 1996 dictum
971 1941 1035 2009 est;
1049 1952 1153 2012 neque
1173 1934 1266 1995 facile
1281 1934 1508 1995 assumendum
1529 1939 1581 1994 est

263 2045 380 2090 nomen
393 2031 442 2090 vel
460 2047 629 2110 perperam
644 2034 719 2110 poni
736 2033 786 2093 vel
801 2033 945 2093 ascribis
962 2050 1019 2110 pro
1034 2032 1134 2092 altero
1150 2049 1220 2091 esse
1236 2032 1458 2106 substitutum,
1475 2033 1500 2091 si
1517 2031 1582 2092 ali-

264 2127 337 2204 quis
349 2144 444 2188 verus
459 2146 571 2190 sensus
585 2129 658 2190 elici
673 2133 789 2208 potest.
805 2129 1009 2209 Singularem
1023 2146 1152 2207 quoque
1168 2129 1353 2207 opinionem
1366 2128 1442 2207 Lep.
1456 2145 1584 2207 propo-

265 2226 312 2285 nit
331 2229 362 2285 et
379 2227 539 2304 sequitur;
555 2228 686 2288 titulum
702 2228 806 2288 solum
829 2227 934 2288 dicere
959 2243 996 2288 ea
1017 2243 1099 2305 quae
1120 2232 1290 2287 narrentur
1310 2227 1481 2306 contigisse
1505 2231 1584 2306 post

265 2327 402 2384 mortem
414 2324 572 2402 Astyagis3
586 2323 685 2386 videri
702 2326 787 2384 enim
802 2325 958 2387 Iudaeum
972 2325 1111 2403 aliquem
1119 2322 1224 2384 Persis
1237 2325 1300 2386 iam
1310 2323 1404 2403 plane
1413 2325 1583 2385 dominan-

266 2421 350 2481 tibus
374 2421 406 2480 in
429 2422 565 2499 gratiam
590 2421 661 2500 Cyri
684 2422 810 2484 ludaeis
833 2422 981 2483 benevoli
1001 2429 1032 2482 et
1047 2424 1213 2484 Persarum
1232 2439 1346 2508 eorum
1364 2421 1514 2483 chronica
1528 2422 1584 2483 rel

267 2517 369 2579 diaria
382 2519 608 2598 conscripsisse
625 2524 658 2580 et
674 2521 731 2580 sub
748 2537 858 2582 eorum
874 2537 947 2580 aera
967 2520 1074 2580 omnia
1093 2521 1311 2599 consignasse;
1333 2537 1460 2580 uersum
1478 2520 1582 2598 igitur

267 2633 332 2675 non
344 2632 413 2676 esse
425 2617 679 2678 connectendum
689 2635 763 2678 cum
774 2618 887 2696 primis
897 2617 1004 2677 verbis
1015 2617 1071 2676 sed
1082 2619 1170 2695 quasi
1181 2617 1310 2678 titulum
1318 2617 1579 2696 praeligendum

269 2735 283 2766 a
300 2713 468 2774 translatus
482 2719 531 2775 est
545 2715 632 2776 enim
650 2715 711 2775 huc
728 2732 765 2774 ex
780 2715 890 2775 diariis
910 2715 976 2776 iam
992 2714 1102 2799 dictis,
1118 2715 1151 2774 in
1167 2716 1284 2792 quibus
1302 2715 1473 2775 claudebat
1491 2707 1602 2793 prae-‘

269 2809 417 2870 cedentes
438 2811 483 2870 ibi
496 2810 644 2873 historias
660 2815 692 2872 et
707 2811 801 2873 simul
817 2811 982 2889 sequentis
1004 2830 1084 2890 quae
1104 2812 1157 2872 hic
1176 2812 1307 2890 ponitur
1323 2818 1391 2873 erat
1408 2812 1583 2874 initium».

269 2908 371 2978 Quare
383 2908 456 2986 Lep.
471 2926 535 2969 non
545 2909 685 2970 admittit
701 2909 951 2987 insequentibus
965 2910 1006 2971 de
1020 2911 1100 2989 Cyro
1116 2927 1185 2970 esse
1199 2926 1391 2970 sermonem.
1404 2911 1586 2988 Utrumque

268 3005 430 3066 arbitraria
452 3006 667 3085 excogitatum
691 3011 749 3067 est.
772 3041 811 3050 -
829 3009 921 3068 Hunc
938 3024 1067 3070 versum
1091 3024 1161 3068 esse
1184 3006 1429 3068 adscribendum
1449 3007 1490 3067 ad
1510 3009 1582 3083 531

269 3103 416 3181 opinatur
427 3103 575 3164 d'Euvieu
583 3103 687 3183 (livre
697 3105 740 3165 du
752 3105 907 3183 prophete
916 3106 1025 3166 Daniel
1035 3124 1067 3184 p.
1080 3104 1163 3184 462),
1175 3105 1229 3182 qui
1244 3108 1278 3165 ut
1292 3104 1370 3165 alias
1382 3105 1585 3166 iamdictam

270 3204 317 3260 est
332 3201 460 3262 Darium
477 3201 603 3263 Medum
619 3220 688 3264 esse
709 3207 817 3262 censet
832 3219 1046 3264 successorem
1063 3203 1147 3280 regis
1167 3200 1410 3262 E·vilmerodacb
1427 3202 1448 3261 i.
1464 3219 1492 3262 e.
1509 3220 1585 3263 esse

270 3297 459 3376 Neriglissor
471 3300 524 3377 qui
540 3299 634 3361 luerit
650 3299 774 3371 Medus;
794 3298 878 3360 unde
894 3302 963 3371 5,3l
979 3304 1012 3360 et
1024 3301 1115 3372 l3,65
1128 3300 1171 3359 ita
1186 3299 1269 3360 inter
1281 3315 1315 3358 se
1330 3299 1431 3377 iungit
1447 3317 1454 3357 :
1470 3301 1586 3360 Danie-

270 3395 333 3454 lem
348 3413 386 3454 ex
399 3413 462 3456 una
475 3402 564 3473 parte
579 3396 748 3457 ostendere
765 3396 948 3475 Babyloniis
964 3396 1091 3457 Medum
1106 3397 1160 3474 qui
1178 3396 1243 3456 iam
1256 3412 1389 3473 regnum
1405 3399 1528 3469 teneat,
1545 3415 1587 3457 ex

270 3492 368 3555 altera
379 3497 468 3570 parte
483 3495 612 3555 Persam
627 3494 682 3572 qui
696 3497 824 3555 mortuo
840 3496 975 3572 Astyage
987 3512 1042 3553 rex
1056 3493 1181 3556 iuturus
1192 3494 1234 3554 sit
1250 3493 1414 3554 Medorum
1427 3496 1459 3552 et
1472 3498 1588 3571 postea

270 3589 525 3668 Babyloniorum.
544 3591 660 3652 Verum
674 3591 832 3653 eiusmodi
846 3591 1052 3670 transpositio
1070 3591 1110 3651 ad
1125 3591 1252 3652 libitum
1267 3591 1432 3664 statuitur3
1449 3589 1527 3668 quid
1542 3589 1586 3651 de

270 3687 425 3748 Daltassar
435 3706 472 3748 en
483 3689 562 3767 ipsis
575 3690 793 3749 monumentis
804 3689 1052 3750 cuneilormibus
1065 3689 1242 3767 colligatur,
1256 3688 1320 3748 iam
1332 3689 1512 3768 expositum
1522 3691 1586 3748 est.

310 3785 401 3866 Apud
426 3788 504 3847 LXX
523 3787 636 3864 legitur
657 3787 770 3847 titulus
787 3805 794 3846 :
816 3789 846 3844 ἐκ
865 3785 1029 3868 προφητείας
1044 3784 1211 3862 Ἀμίακοὺμ
1221 3788 1279 3844 υἱοῦ
1291 3783 1384 3858 Ἰησοῦ
1397 3787 1429 3845 ἐκ
1439 3787 1487 3856 τῆς
1498 3787 1586 3864 φυλῆς

272 3881 345 3942 Asai.
360 3887 453 3944 Forte
475 3885 593 3946 factum
610 3888 709 3944 estex
723 3902 751 3942 v.
769 3887 807 3944 32
823 3902 890 3962 seq.
908 3887 942 3944 ut
958 3884 1035 3944 haec
1051 3888 1116 3944 tota
1136 3901 1210 3963 pars
1225 3883 1450 3945 attribueretur
1464 3885 1586 3944 Amba-

271 3999 345 4040 cum
357 3981 541 4060 prophetae.
551 3984 596 4042 lix
611 3981 731 4042 ratione
745 3982 899 4060 temporis
912 3981 982 4041 fieri
996 3981 1108 4059 nequit
1122 3985 1156 4043 ut
1166 3983 1323 4060 propheta
1336 3981 1391 4041 ille
1407 3982 1491 4042 inter
1503 3980 1589 4044 duo-

273 4079 377 4139 decim
393 4081 533 4140 minores
547 4079 761 4158 intelligatur;
778 4079 850 4139 ride
867 4097 946 4158 quae
961 4079 1027 4140 dixi
1044 4080 1077 4139 in
1096 4083 1267 4140 comment.
1285 4078 1318 4138 in
1332 4078 1540 4156 Proph.min.
1556 4081 1587 4141 ll

272 4195 304 4256 p.
322 4179 370 4237 51,
383 4180 431 4238 52.

317 4398 489 4465 Danielem
508 4401 543 4465 in
558 4400 688 4466 honore
703 4404 737 4466 et
750 4397 950 4466 auctoritate
965 4400 1068 4465 fuisse
1082 4399 1184 4465 etiam
1200 4398 1294 4488 apud
1308 4401 1435 4486 Cyrum
1447 4419 1587 4485 regem,

243 4488 245 4494 ¹
271 4506 341 4573 iarn
361 4511 440 4588 628
462 4504 688 4573 indicabatur.
708 4510 747 4572 lit
764 4512 932 4594 quantum
951 4527 991 4572 ex
1011 4505 1291 4594 inscriptionibus
1312 4504 1593 4574 cuneiiormibus

272 4611 387 4698 colligi
403 4617 528 4700 potest,
546 4612 721 4680 translatio
738 4615 837 4700 regni
859 4635 879 4679 a
898 4611 1073 4679 Nabonido
1096 4611 1141 4678 ad
1156 4617 1280 4699 Cyrum
1299 4613 1378 4680 satis
1398 4612 1537 4703 placide
1553 4617 1591 4680 et

271 4721 342 4786 sine
362 4720 469 4786 multa
489 4718 746 4809 perturbatione
768 4701 857 4787 facta
872 4724 932 4788 est.
957 4724 1040 4786 Nam
1061 4720 1158 4786 exiis
1181 4718 1410 4787 contractibus
1433 4741 1588 4809 quorum
