3550 5367
254 362 295 420 60
666 376 702 421 nu
723 376 896 421 raaucrrurs
918 373 1151 418 conusurxnus.

257 509 373 587 Wolte,
387 510 518 590 Scholz,
532 509 716 592 Zschokke,
729 510 932 597 Vigouroux,
942 506 1080 587 Kaulen‚
1095 504 1251 593 Cornely,
1267 502 1428 570 d'liuvien
1440 501 1560 583 editos,

238 616 290 681 ,in
308 614 432 704 quibus
452 616 667 705 quaestiones
682 616 723 682 da
743 622 963 702 argumento,
982 612 1024 679 de
1043 611 1174 693 indole,
1191 609 1232 677 de
1248 614 1384 676 auctore
1402 612 1465 675 etc.
1482 630 1562 697 per-

254 726 448 789 tractantur
465 727 498 787 et
516 720 725 789 conditiones
745 744 881 811 quoque
893 722 1075 787 historicae
1093 718 1314 808 explicantur,
1330 714 1373 784 ad
1392 736 1466 781 rem
1486 737 1562 781 cxc-

255 828 403 913 getioam
432 828 580 918 propius·
594 828 758 895 accedunt
781 850 821 895 ex
842 827 1018 894 catholicis
1040 825 1183 905 Palmcr,
1208 823 1369 910 Rohling‚
1395 822 1560 903 Trachon,

253 932 483 1021 Hebbelynck‚
508 933 717 1002 Dtisterwald
737 938 770 1001 et
792 940 969 1025 praet-crea
988 954 1053 1023 pro
1076 931 1232 1021 partibus
1252 928 1565 996 deuterocanonicis

255 1039 480 1107 Wiedcrholt.
511 1046 549 1107 ut
569 1040 656 1109 Guil.
680 1040 817 1109 Polmer
836 1039 976 1129 quidem
997 1037 1103 1104 edidit
1122 1036 1442 1104 commentationem
1466 1034 1502 1101 in
1520 1035 1563 1100 li-

181 1221 189 1238 x
255 1144 363 1213 brum
382 1146 527 1213 Danielis
545 1146 732 1237 prophetae
747 1148 817 1213 sive
839 1147 881 1212 de
897 1143 1106 1234 temporibus
1127 1144 1298 1231 gentium,
1319 1146 1561 1222 Romae187t3

257 1274 346 1341 quae
361 1253 600 1319 commentatio
614 1274 680 1319 non
697 1252 837 1343 quidem
852 1250 895 1317 ad
910 1250 1051 1317 modum
1066 1251 1147 1316 iusti
1162 1247 1396 1316 commentarii
1409 1250 1459 1312 est
1470 1268 1565 1313 exac-

256 1362 313 1438 ta,
335 1362 368 1423 at
387 1380 450 1446 pro
469 1381 505 1424 re
525 1364 557 1435 et
576 1360 736 1425 historica
754 1364 787 1425 et
805 1336 922 1448 typica
940 1358 1037 1425 utilia
1054 1353 1211 1446 praebet3
1231 1376 1351 1420 verum
1370 1375 1439 1419 non
1455 1354 1565 1419 solum

257 1464 515 1545 antichristum,
538 1465 597 1531 sed
623 1464 851 1532 llahumetum
876 1486 1014 1553 quoque
1034 1486 1055 1529 a
1079 1462 1215 1530 Daniele
1244 1484 1312 1527 esse
1337 1460 1561 1526 delineatum¹

256 1576 388 1635 censet.
415 1570 465 1637 ad
490 1571 661 1639 Danielem
684 1572 824 1660 proprie
848 1575 977 1660 spectat
997 1571 1092 1659 prior
1110 1568 1192 1634 libri
1215 1588 1294 1657 pars
1316 1590 1361 1657 p..
1378 1571 1503 1649 1-118;
1527 1567 1563 1632 in

256 1676 368 1742 altera
383 1681 477 1766 parte
493 1677 607 1763 agitur
626 1677 668 1743 de
682 1678 751 1743 fine
764 1676 902 1757 mundi,
924 1676 966 1743 de
985 1676 1162 1765 apostasia,
1179 1674 1379 1742 antichristo
1394 1679 1429 1739 et
1447 1672 1489 1739 dc
1504 1694 1563 1737 va-

252 1782 317 1848 -riis
329 1782 495 1871 capitibus
514 1782 735 1873 Apocalypsis
754 1790 787 1849 ct
804 1785 845 1848 iis
859 1784 1014 1872 partibus
1032 1783 1086 1848 vel
1103 1780 1288 1847 visionibus
1305 1803 1393 1869 quae
1408 1802 1484 1848 cum
1499 1785 1564 1847 Da-

260 1889 359 1955 nielis
374 1888 461 1955 libro
480 1891 633 1957 connecti
654 1889 812 1956 videntur
829 1890 876 1979 (p.
895 1888 1068 1977 its-aaa).
1086 1889 1371 1955 Commentarium
1390 1884 1491 1952 laude
1510 1886 1564 1951 di-

257 2016 369 2080 gnum
384 1996 516 2084 scripsit
534 1996 697 2087 Roblz'np,
716 2000 779 2063 Das
798 1994 891 2062 Buch
906 1995 964 2061 des
976 1996 1166 2085 Propheten
1181 1995 1315 2086 Daniel,
1334 1993 1439 2059 llainz
1459 1997 1561 2073 18763

261 2102 384 2167 acriter
408 2103 591 2169 insectatur
615 2102 901 2170 rationalistarum
926 2101 1156 2169 cavillationes
1181 2100 1306 2190 quibus
1329 2098 1563 2166 auctoritatem

263 2206 345 2275 libri
371 2208 543 2275 destruere
566 2215 713 2289 tentant;
738 2210 819 2276 libri
841 2209 1044 2295 dignitatem
1067 2215 1202 2273 strenue
1226 2229 1266 2273 ac
1288 2206 1433 2273 feliciter
1450 2210 1564 2272 tuetur

257 2313 419 2381 discussis
439 2338 478 2381 ao
493 2316 608 2381 solutis
630 2316 887 2383 difficultatibus
907 2338 994 2404 quae
1013 2315 1141 2381 moveri
1161 2314 1285 2396 solent3
1307 2319 1342 2380 at
1360 2313 1564 2403 quandoque

258 2419 530 2506 digressionibus
551 2421 717 2509 indulget.
739 2422 1025 2488 Commentarium
1045 2421 1167 2507 gallice
1186 2419 1290 2487 edidit
1311 2420 1478 2499 Duodea,
1501 2422 1564 2484 Da·
1681 2420 1684 2428 ’

261 2526 347 2609 niel,
374 2527 605 2595 Introduction
634 2529 793 2617 critique,
822 2527 1012 2595 traduction
1040 2526 1205 2615 franpaise
1232 2530 1266 2592 et
1291 2525 1562 2607 commentaires,

259 2632 352 2698 Paris
371 2638 469 2700 1882.
492 2640 538 2700 Ea
561 2637 744 2725 praecipue
767 2634 894 2701 utilitas
916 2633 1159 2701 commentario
1178 2632 1384 2700 vindicanda
1400 2638 1448 2699 est
1473 2631 1564 2720 quod

262 2738 357 2805 brevi
383 2746 566 2829 conspectu
595 2741 778 2809 multorum
804 2740 1008 2830 qrrandoque
1034 2742 1257 2830 interpretum
1281 2740 1498 2829 antiquorum
1524 2760 1563 2802 ac

262 2846 505 2928 recentiorum,
526 2846 774 2914 catholicorum
789 2852 822 2914 et-
835 2848 1110 2937 protestantium‚
1126 2847 1313 2933 Anglorum
1333 2851 1363 2912 et
1383 2850 1564 2912 Germano-

259 2973 351 3035 rum,
369 2952 608 3041 explicationes
629 2958 661 3019 et
675 2954 859 3021 sententiae
879 2957 1131 3043 proponuntur;
1155 2954 1261 3019 immo
1280 2952 1413 3042 saepius
1431 2950 1565 3016 videtur

257 3060 518 3125 commentarius
532 3059 576 3126 ad
596 3060 736 3126 modum
754 3070 893 3126 catenae
908 3081 996 3149 quae
1010 3059 1134 3125 dicitnr
1147 3060 1384 3125 conformatus.

306 3166 381 3249 alii,
398 3166 446 3231 uti
458 3164 674 3255 Hebdelynclc
687 3174 719 3234 et
731 3165 961 3248 Dttstetwcld,
972 3188 1041 3231 non
1054 3168 1314 3233 commentarios
1325 3166 1562 3245 condiderunt,

265 3270 323 3338 sed
338 3271 490 3338 instituta
504 3272 730 3361 disputatione
748 3273 791 3339 de
804 3272 1059 3362 quaestionibus
1071 3272 1113 3338 ad
1135 3274 1302 3340 Danielem
1316 3272 1566 3362 pcrtinentibus

242 3418 246 3427 ·
266 3377 397 3443 erudite
416 3378 634 3467 scripserunt.
655 3384 763 3471 Atque
778 3378 835 3446 ille
851 3378 990 3468 quidem
1006 3378 1120 3467 (Heb.)
1136 3378 1177 3444 de
1192 3381 1390 3446 auctoritate
1408 3379 1565 3445 historica

264 3482 344 3548 libri
361 3483 508 3549 Danielis
521 3505 584 3549 nec
600 3506 667 3550 non
683 3486 725 3551 de
739 3485 1015 3575 interpretatione
1034 3486 1185 3551 vaticinii
1202 3489 1281 3551 Lxx
1295 3484 1562 3565 hebdomadum,

266 3590 403 3655 Lovanii
421 3595 524 3671 18873
541 3592 670 3677 analysi
685 3590 765 3658 libri
781 3593 956 3680 proposita
967 3592 1040 3677 agit
1056 3589 1097 3657 de
1112 3591 1190 3656 libri
1203 3593 1348 3672 unitate,
1366 3591 1408 3657 de
1426 3596 1517 3657 textu
1531 3595 1565 3655 et

262 3695 490 3778 versionibus3
513 3695 834 3765 demonstrationem
854 3697 1062 3764 auctoritatis
1081 3698 1261 3764 historicae
1282 3700 1328 3764 ita
1348 3698 1562 3785 aggreditur,

261 3809 299 3868 ut
318 3807 414 3892 pa1te
429 3803 543 3893 priore
558 3807 640 3891 agat
656 3803 697 3871 de
717 3805 787 3871 eius
806 3804 893 3871 notis
913 3804 1073 3885 externis,
1093 3806 1162 3871 sive
1181 3805 1223 3873 de
1241 3812 1394 3872 veterum
1413 3804 1565 3870 testimo·

262 3909 343 3991 niis,
360 3916 456 3998 parte
469 3932 551 3975 vcro
569 3910 674 3976 altera
687 3910 728 3976 de
741 3909 827 3976 notis
840 3910 998 3991 internis,
1017 3932 1104 3998 quae
1117 3933 1156 3976 ex
1169 3912 1250 4000 ipsis
1265 3909 1517 3979 narrationibus
1532 3913 1566 3975 et

265 4015 410 4082 oraculis
427 4015 643 4101 colliguntur.
667 4020 702 4082 ln
715 4039 784 4107 qua
803 4016 1028 4105 disputatione
1042 4016 1199 4084 subsidiis
1207 4039 1351 4107 quoquc
1365 4016 1565 4084 recentiori-

266 4121 330 4187 bus
354 4122 536 4207 diligenter
557 4127 606 4188 est
626 4144 705 4189 usus
722 4146 833 4212 neque
854 4146 966 4212 pauca
987 4124 1140 4190 invenies
1160 4146 1246 4213 quae
1264 4124 1377 4191 valida
1396 4123 1565 4191 submini-

263 4233 368 4293 strent
383 4251 478 4295 arma
496 4229 541 4295 ad
555 4228 636 4294 libri
653 4231 886 4295 auctoritatem
903 4229 1150 4296 defendendam
1170 4236 1203 4296 et
1221 4231 1433 4297 acalumniis
1451 4229 1564 4296 vindi-

265 4332 420 4399 candam.
450 4335 595 4401 Additur
624 4336 758 4422 longior
783 4336 954 4425 appendix
981 4336 1022 4402 de
1058 4337 1215 4403 vaticinio
1242 4344 1285 4404 70
1309 4336 1565 4405 hebdomadum

273 4615 308 4657 ⁴1.
334 4610 374 4669 De
393 4621 421 4656 ea
439 4608 621 4672 interpretandi
642 4612 740 4660 ratione
764 4611 814 4659 iarn
836 4610 887 4674 agit
908 4611 1036 4662 Peresius
1061 4611 1212 4673 (conmuni.
1235 4614 1262 4662 in
1283 4616 1347 4663 Dan.
1368 4614 1486 4678 Lugduni
1507 4620 1567 4669 1588

248 4704 281 4752 p
295 4692 338 4739 361
360 4688 443 4752 seq.):
465 4706 478 4731 ι
501 4688 611 4751 primus,
630 4690 729 4755 opinor,
751 4690 899 4741 huiusmodi
916 4691 1059 4753 opinionem
1076 4692 1174 4741 invexit
1186 4695 1293 4743 loannes
1311 4693 1408 4743 Annius
1426 4694 1565 4747 viterbien·

256 4769 291 4820 sis
315 4789 327 4813 υ
342 4774 405 4828 etc.;
430 4782 484 4819 eam
496 4772 580 4819 tanmn
592 4770 784 4833 explicationem
799 4771 916 4821 Pcrerius
930 4772 1078 4837 neutiquam
1091 4772 1219 4837 approbat.
