3550 5367
776 337 854 396 uls.
878 338 927 408 lo,
949 340 1038 397 rau
1484 424 1486 427 Ι
1508 343 1567 402 aas

249 484 452 563 interpretari
468 485 582 564 Cyrum
606 485 662 562 qui
688 486 763 546 totis
788 479 854 546 'uno
872 490 905 547 et
917 487 1028 565 viginti
1047 488 1162 548 diebus
1182 489 1334 550 restiterit
1357 482 1483 552 dauriel
1498 509 1567 552 mo-

248 583 356 656 nenti3
374 599 470 660 quare
487 582 585 643 Calm.
605 583 702 643 etiam
719 603 749 642 v.
766 587 806 644 20
825 585 953 662 agnosci
969 603 1063 662 posse
1091 586 1239 663 opinatur
1256 587 1289 647 in
1309 589 1453 668 principe
1470 591 1566 650 Grae·
1604 660 1607 667 ¹

250 677 360 742 corum
384 680 597 740 Alexandrum
613 681 778 758 Magnum,
796 682 851 758 qui
870 683 971 742 menti
995 683 1152 742 Gabrielis
1178 685 1365 746 obversatus
1388 686 1441 746 sit.
1458 689 1498 748 At
1521 689 1566 748 ita

229 779 354 838 omnis
370 779 549 857 proprietas
565 778 713 838 dictionis
733 797 770 839 ex
785 779 892 839 verbis
909 785 940 840 et
956 784 1102 840 contexta
1117 782 1260 843 oratione
1278 801 1376 863 quam
1391 787 1458 863 peti
1472 803 1565 863 opor·

250 881 295 937 tet
310 877 464 937 evertitur
477 894 514 936 ec
530 877 697 938 deseritur.

291 1084 460 1175 Explicuit
474 1084 628 1170 angelus,
648 1106 710 1151 cur
726 1107 857 1152 moram
876 1088 1049 1170 nexuerit,
1066 1062 1185 1153 verum
1201 1087 1310 1178 ipsam
1332 1111 1468 1179 quoque
1490 1113 1563 1158 mo-

246 1213 321 1258 ram
341 1192 470 1257 utiliter
485 1213 556 1257 esse
580 1191 772 1280 impensam
795 1190 925 1269 docuit3
944 1193 1014 1258 iam
1031 1191 1076 1258 ad
1100 1192 1183 1294 quid
1205 1215 1366 1282 praesens
1387 1196 1564 1265 advenerit

244 1300 383 1387 exponit
399 1321 429 1363 v.
454 1305 494 1364 lt
513 1327 528 1357 «
550 1299 628 1363 ocni
640 1309 755 1364 autem
777 1311 816 1364 at
836 1297 991 1364 docerem
1017 1311 1047 1364 te
1066 1321 1156 1388 quac
1180 1312 1321 1366 rectura
1341 1315 1421 1367 sant
1432 1305 1562 1392 populo

245 1419 303 1470 tao
322 1404 358 1470 ia
373 1403 563 1470 novissimis
578 1403 712 1484 diebus,
729 1404 894 1492 paeoniam
909 1403 1022 1470 adlicer
1042 1406 1124 1472 cisio
1140 1406 1176 1471 ira
1194 1406 1264 1472 dies
1280 1430 1316 1490 »;
1338 1409 1432 1474 -in
1449 1413 1563 1476 novis-

243 1512 338 1578 simis
354 1510 566 1600 temporibus
585 1511 684 1576 multi
704 1516 877 1600 exponunt
892 1510 934 1577 de
949 1515 1102 1601 tempore
1127 1515 1312 1597 messiano,
1330 1515 1379 1580 ita
1394 1521 1431 1581 ut
1453 1538 1562 1602 ange·
1643 1523 1646 1530 '

244 1619 297 1684 lus
313 1617 380 1685 dici
400 1617 523 1684 debeat
536 1640 576 1684 ea
590 1618 699 1682 solum
717 1617 761 1682 ob
777 1617 894 1683 oculos
915 1617 1045 1684 habere
1068 1641 1156 1707 quae
1184 1626 1260 1702 tax
1286 1642 1357 1709 seq.
1385 1621 1561 1690 declaran-

242 1731 310 1792 tur.
328 1729 369 1791 Αἱ
385 1724 422 1789 id
440 1725 520 1790 satis
540 1723 666 1790 durum
688 1730 747 1789 est.
770 1724 858 1789 Scite
879 1729 993 1790 autem
1018 1724 1166 1790 advertit
1182 1728 1300 1793 Sanct.
1320 1743 1419 1821 naman
1436 1745 1560 1820 natans

242 1848 311 1916 dici
327 1853 406 1928 238
420 1871 488 1914 non
499 1848 607 1914 solum
621 1846 664 1914 dc
684 1853 837 1935 tempore
851 1849 1034 1929 messiano,
1054 1847 1112 1914 sad
1131 1848 1173 1914 de
1193 1855 1345 1939 tempore
1360 1852 1561 1942 simpliciter

240 1956 356 2022 futuro
376 1977 483 2044 usque
504 1954 548 2020 ad
571 1963 704 2042 tempus
726 1955 934 2020 messianum
960 1956 1026 2020 hoc
1042 1961 1196 2043 ternpore
1218 1956 1363 2041 incluso;
1378 1959 1445 2024 tale
1467 1961 1559 2026 enim

239 2067 374 2152 tempus
393 2063 548 2128 futurum
569 2058 884 2126 Nabuchodonosor
906 2061 980 2144 regi
1003 2061 1039 2126 in
1066 2059 1124 2127 illa
1143 2067 1254 2128 statua
1275 2067 1326 2127 est
1348 2065 1559 2152 praefigura-

240 2175 325 2235 tum.
345 2168 436 2235 Unde
451 2190 490 2234 ex
506 2172 586 2248 2,28
606 2166 747 2232 eandem
766 2165 950 2232 dictionem
973 2165 1093 2232 eodem
1114 2167 1217 2233 modo
1233 2169 1289 2234 hic
1304 2171 1459 2259 accipere
1474 2194 1558 2260 >pos-

238 2295 355 2340 sumus
370 2275 475 2362 idque
491 2296 530 2339 eo
549 2273 659 2359 magis
678 2273 760 2362 quia
774 2272 918 2358 angelus
929 2294 1048 2339 revera
1066 2280 1200 2362 tempus
1210 2275 1389 2362 exponitet
1404 2278 1556 2365 proxime

238 2381 392 2447 fut-urum
405 2385 438 2448 et
449 2380 555 2466 longe
569 2384 750 2445 remotum.
770 2379 872 2444 Proin
887 2379 1049 2467 explicari
1062 2385 1196 2468 oportet
1208 2380 1251 2446 de
1267 2386 1421 2471 tempore
1441 2383 1557 2450 subse-

237 2494 376 2576 quente,
394 2493 427 2554 et
445 2487 568 2554 adhoc
591 2492 741 2576 tempus
761 2484 808 2553 ad
828 2485 891 2551 hos
916 2485 987 2551 dies
1009 2484 1135 2551 dicitur
1148 2488 1233 2553 visio
1258 2499 1427 2577 spectare,
1446 2490 1488 2556 de
1503 2492 1557 2558 his

236 2595 358 2661 diebus
373 2595 502 2670 valere;
524 2594 566 2659 ci.
587 2581 699 2687 nit-355
722 2601 755 2658 et
780 2592 822 2658 de
842 2592 896 2658 his
916 2592 1030 2659 adlice
1050 2593 1215 2659 visionem
1231 2593 1306 2660 dari
1321 2595 1458 2681 dicitur,
1476 2619 1555 2666 cum

234 2723 305 2786 iam
320 2726 421 2787 antea
440 2725 550 2808 capi
571 2723 604 2784 et
619 2723 639 2784 8
666 2716 707 2783 de
727 2739 766 2782 eo
781 2723 936 2804 tempore
954 2723 1069 2782 actum
1085 2719 1127 2782 sit
1143 2717 1304 2807 (Senot).

280 2827 409 2913 Angeia
433 2825 588 2914 loquenti
608 2824 835 2890 reverentiam
860 2824 996 2889 exhibet
1012 2831 1103 2889 vates
1121 2831 1153 2888 et
1173 2829 1265 2890 certe
1289 2826 1392 2894 ctiam
1408 2828 1555 2896 admira-

233 2933 325 3000 tione
344 2934 493 3023 quadam
511 2938 571 2999 aut
589 2937 726 3020 stupore
743 2931 899 3014 tangitur
913 2951 991 2994 cum
1015 2929 1159 2996 audierit
1175 2954 1280 3018 quarn
1300 2942 1454 3001 amanter
1470 2943 1555 3003 Deus

233 3041 364 3130 populo
380 3039 573 3129 provideret
588 3043 621 3104 ct
643 3058 745 3125 quam
765 3035 881 3102 sedulo
898 3040 1041 3101 naturae
1062 3058 1199 3126 quoque
1218 3039 1402 3106 nobiliores
1419 3065 1459 3108 ac
1478 3065 1553 3108 coe-

233 3147 344 3228 lestes
370 3147 501 3233 angeli,
517 3167 633 3210 curam
654 3145 726 3208 eius
749 3147 924 3228 gererent3
941 3141 1033 3207 unde
1048 3165 1079 3207 v.
1103 3149 1143 3207 15
1163 3172 1177 3201 κ
1196 3166 1341 3233 oramque
1360 3147 1554 3235 loqueretar

233 3254 320 3319 milii
335 3251 569 3319 liriiuscemodr'
581 3249 696 3329 cerda,
711 3247 961 3314 det'ccioaltum
977 3270 1091 3313 arreum
1104 3249 1153 3314 ad
1163 3262 1288 3316 terram
1304 3263 1338 3317 et
1351 3255 1446 3319 tacui
1457 3275 1492 3334 »3
1509 3295 1553 3307 .-

235 3383 299 3427 vox
318 3362 348 3426 ei
367 3383 449 3450 prae
469 3364 605 3448 stupore
623 3363 656 3421 et
677 3354 856 3422 nobilioris
879 3359 1022 3420 naturae
1048 3357 1238 3422 reverentia
1257 3358 1441 3425 interclusa
1459 3368 1549 3440 erat;

234 3466 337 3532 simul
351 3466 564 3552 significatur
579 3464 623 3530 ad
637 3461 847 3551 loquendum
860 3483 938 3528 cum
954 3462 1079 3548 angelo
1088 3469 1121 3528 ct
1135 3461 1179 3528 ad
1190 3464 1350 3530 vaticinia
1364 3471 1552 3534 communi-

234 3572 344 3639 canda
364 3573 551 3658 indiguisse
571 3574 683 3636 vatem
708 3569 835 3634 auxilio
850 3590 1014 3656 supern03
1038 3569 1137 3657 proin
1156 3569 1214 3654 agi
1239 3570 1281 3636 de
1306 3594 1449 3660 requae
1473 3575 1551 3641 solis

234 3679 365 3745 viribus
384 3679 543 3745 humanis
564 3681 712 3766 nequeat
733 3675 864 3764 perlici.
885 3682 993 3751 Quare
1014 3675 1112 3760 signo
1135 3676 1178 3741 ad
1197 3699 1270 3742 rem
1290 3684 1369 3766 apto
1388 3681 1549 3748 virtulem

235 3787 267 3851 ei
281 3786 354 3852 dari
372 3786 525 3853 altiorem
540 3784 711 3850 indicatur
724 3805 754 3847 v.
770 3788 810 3847 lo
828 3810 842 3840 α
860 3794 893 3846 et
911 3804 986 3847 ecce
999 3782 1100 3870 quasi
1116 3783 1301 3849 sibrilitaalo
1320 3784 1389 3871 filii
1404 3785 1548 3855 domabis

236 3894 343 3983 tctipit
358 3891 447 3958 labio
465 3915 540 3957 mea
560 3903 593 3956 ct
610 3890 766 3978 aperiens
782 3911 817 3954 os
837 3911 951 3954 mertui
966 3889 1098 3954 locutus
1112 3912 1186 3954 sum
1202 3903 1235 3954 et
1248 3890 1322 3956 diri
1334 3891 1382 3956 acl
1395 3914 1471 3957 eum
1488 3898 1551 3984 qui

234 3999 343 4066 stabat
355 4012 473 4065 contra
494 4020 547 4066 me
563 4019 574 4063 .·
590 3995 724 4062 domiue
738 3996 796 4076 mi,
815 3994 851 4060 iu
866 3996 992 4061 cisione
1008 4008 1069 4060 trra
1084 3996 1264 4062 dissolutae
1277 4009 1356 4062 sant
1370 4021 1549 4091 circipapes

234 4129 327 4172 meae
343 4121 375 4172 et
389 4106 476 4172 az'dil
494 4106 529 4170 ia
548 4127 601 4170 mc
618 4101 782 4169 remansit
797 4102 920 4166 cri-iam
927 4123 941 4184 ,·
955 4125 986 4170 v.
1008 4109 1049 4167 17
1065 4115 1097 4167 et
1111 4103 1278 4191 praeiri-odo
1287 4105 1417 4192 poterit
1432 4130 1547 4176 servus

235 4213 446 4280 domininici
459 4211 646 4301 loqaicum
661 4209 796 4275 doriu'uo
812 4230 885 4272 anco
893 4229 906 4290 ;
922 4207 1012 4274 citit
1023 4209 1112 4274 enim
1127 4210 1161 4273 in
1176 4231 1229 4273 rue
1244 4213 1406 4277 remansit
1419 4214 1544 4284 uirium

233 4319 291 4387 sed
303 4332 334 4386 et
352 4320 478 4386 lectitas
500 4341 594 4385 metas
618 4314 857 4384 intercluditur
873 4338 908 4396 »;
924 4354 968 4363 —
984 4337 1062 4380 eum
1082 4317 1140 4404 qui
1155 4317 1266 4400 tetigit
1284 4318 1375 4385 labia
1399 4325 1545 4412 prophe-

164 4505 168 4512 ⁶
232 4434 286 4494 tae
301 4429 403 4493 fuisse
427 4426 586 4512 angelum
607 4426 718 4514 ipsum
742 4421 801 4512 qui
823 4421 864 4487 ad
885 4444 963 4488 eum
987 4421 1203 4508 loquebatur,
1223 4423 1314 4489 clare
1334 4430 1488 4515 sequitur
1507 4455 1547 4497 ex

232 4556 265 4600 v.
285 4541 326 4602 18
341 4540 374 4600 et
387 4555 426 4598 ex
445 4556 477 4599 v.
503 4538 541 4598 19
567 4553 643 4597 cum
668 4528 785 4596 Daniel
801 4528 891 4594 dicat
910 4551 917 4596 ε
937 4529 1077 4616 loquere
1096 4526 1233 4593 domine
1253 4531 1334 4619 quia
1350 4536 1547 4624 confortasti

233 4661 303 4721 me,
319 4661 407 4728 quae
430 4637 627 4704 confortatio
652 4636 695 4701 ab
718 4659 757 4702 eo
780 4636 868 4701 lacta
886 4634 1012 4699 dicitur
1026 4634 1086 4720 qui
1106 4635 1203 4721 quasi
1222 4639 1348 4725 species
1365 4642 1430 4706 viri
1453 4642 1545 4710 labia

231 4747 303 4813 eius
319 4747 448 4831 tetigit3
466 4766 572 4833 quare
587 4764 839 4831 supervacanee
852 4739 1053 4826 fingit‘li'eil
1065 4738 1213 4807 alterum
1228 4745 1390 4830 angelum
1408 4755 1543 4836 praeter
