3550 5367
260 315 317 374 tea
801 308 889 367 ‘Dum
915 308 942 375 7,
968 308 1021 366 l·8

258 536 328 581 esse
344 534 451 602 eaque
464 532 543 577 eum
563 511 753 578 animatum
768 514 886 576 Persas
899 508 1061 575 devicisse
1078 506 1197 594 (ruald.
1214 510 1289 575 Per.
1307 509 1424 576 Senot.
1446 508 1573 594 Mor.);

258 620 335 686 vide
354 620 487 705 Proleg.

302 731 466 805 Quartum
486 745 634 810 regnum
649 723 830 789 exhibetur
847 744 881 789 v.
899 728 918 787 7
937 750 952 782 (ι
967 733 1044 811 post
1062 721 1146 789 liceo
1164 720 1368 811 aspiciebam
1391 723 1427 788 in
1447 722 1577 788 visione

257 833 364 900 noetis
383 844 416 898 ct
434 852 509 897 eece
534 828 639 897 bestia
663 842 788 919 quarto
805 826 964 895 temibilis
983 839 1086 917 atque
1105 827 1273 895 mirabilis
1293 828 1435 917 refertis
1454 829 1573 910 cieris,

258 940 372 1007 dentes
381 940 511 1028 ferreos
524 933 670 1002 debebat
683 957 825 1025 ocopnos
839 934 1017 1002 comedens
1029 946 1131 1023 otqere
1149 935 1381 1003 comminuens
1396 948 1428 1001 et
1441 934 1577 1025 reliquo

255 1044 397 1137 pedibus
424 1042 493 1109 suc‘s
519 1039 740 1125 conerclcoas;
766 1040 938 1109 dissimilis
955 1052 1071 1107 orclem
1102 1054 1177 1107 erat
1202 1041 1320 1108 ceteris
1351 1039 1461 1107 bestiis
1487 1064 1579 1131 quos

258 1151 411 1218 videram
432 1162 511 1217 onte
531 1171 607 1217 eom
631 1159 664 1214 et
688 1146 834 1215 habebat
854 1168 982 1213 corneo
1000 1146 1116 1215 decem
1138 1167 1172 1226 »3
1190 1186 1234 1199 -
1252 1148 1330 1217 vide
1353 1154 1450 1230 aem
1464 1150 1575 1237 impe·

259 1255 349 1325 rium
363 1277 542 1325 romanum
558 1255 653 1322 hisce
669 1253 817 1321 describi
836 1253 1005 1321 sententia
1020 1258 1069 1320 est
1087 1255 1333 1344 plerorumque
1349 1276 1459 1344 eaque
1478 1277 1572 1335 vera.

259 1371 341 1432 Nam
367 1368 444 1453 pest
465 1384 576 1448 regna
596 1362 656 1429 illa
676 1383 716 1429 ex
735 1360 918 1428 Alexandri
943 1361 1145 1429 monarchia
1166 1366 1280 1427 exorta
1305 1383 1393 1450 quae
1413 1366 1578 1451 quattuor

259 1470 430 1561 capitibus
442 1469 496 1536 vel
507 1491 584 1558 cap.
599 1474 619 1534 8
634 1474 797 1556 quattuor
813 1467 975 1533 cornibus
987 1467 1238 1535 adumbrantur
1250 1490 1319 1534 non
1341 1468 1465 1534 exstitit
1480 1467 1577 1534 aliud

258 1599 407 1665 regnum
425 1576 490 1642 nisi
509 1595 702 1641 romanum.
721 1578 855 1640 Cornua
875 1572 993 1640 decem
1010 1573 1171 1664 explicari
1187 1572 1312 1640 debent
1332 1574 1452 1640 eodem
1472 1574 1577 1639 modo

259 1708 327 1774 quo
353 1661 480 1750 cornua
506 1684 668 1770 quattuor
685 1681 710 1747 i.
733 1703 763 1747 e.
784 1680 827 1745 de
851 1679 969 1745 decem
993 1681 1110 1767 regnis
1132 1678 1187 1745 vel
1209 1680 1327 1747 decem
1350 1681 1507 1767 regibus,
1525 1681 1577 1745 uti

259 1792 350 1858 infra
370 1813 403 1858 v.
425 1796 484 1856 it.
506 1791 569 1854 lsta
595 1786 715 1853 decern
740 1807 846 1873 regna
862 1797 943 1875 post
963 1808 1110 1873 regnum
1136 1792 1297 1876 quartum
1318 1789 1487 1854 exoritura
1506 1808 1576 1853 esse

260 1895 461 1965 concludere
481 1897 659 1985 possumus
677 1915 717 1960 ex
735 1915 775 1958 eo
792 1892 886 1981 quod
906 1892 1009 1959 etiam
1029 1899 1192 1981 quattuor
1210 1892 1270 1958 illa
1288 1894 1449 1982 copitar.
1471 1899 1507 1975 a,
1525 1894 1577 1959 uti
1589 1943 1605 1964 e

260 2028 299 2071 ex
311 2009 381 2086 8,8.
400 2008 445 2069 22
464 2001 588 2080 elucet,
605 2021 715 2086 regna
737 1998 833 2065 nobis
852 1997 1035 2065 exhibeant
1058 2005 1132 2087 post
1150 2020 1298 2085 regnum
1319 2000 1469 2065 tertium.
1489 2002 1576 2065 Dum

260 2115 376 2177 autem
389 2108 507 2175 decem
524 2106 584 2172 illa
601 2125 712 2191 regna
724 2107 904 2186 exsistunt,
920 2104 988 2170 alia
1006 2104 1175 2194 quaedam
1197 2110 1345 2194 potestas
1359 2107 1448 2170 inter
1463 2129 1502 2171 ea
1517 2128 1576 2171 ex-

259 2218 369 2303 surgit
383 2239 416 2283 v.
432 2220 452 2281 8
471 2243 486 2274 «
509 2210 762 2279 corcsiderobom
781 2232 911 2277 correrio
926 2222 959 2276 ct
974 2233 1049 2276 eece
1066 2234 1171 2277 eor-uu
1195 2211 1296 2277 aliud
1311 2212 1497 2307 peraptum
1520 2234 1577 2277 or-

261 2336 331 2389 tem
348 2334 397 2389 est
409 2321 450 2387 de
465 2318 575 2385 medio
592 2341 709 2385 eorum
729 2329 761 2383 et
780 2318 846 2383 trio
864 2318 906 2384 de
922 2316 1077 2383 comibus
1089 2317 1211 2406 prirm‘s
1230 2319 1343 2385 eecclso
1355 2332 1435 2384 sum
1452 2318 1579 2407 csoeie

261 2431 344 2509 eiua,
360 2441 394 2494 et
404 2449 478 2493 ecce
497 2424 591 2491 oceli
603 2424 704 2513 qarosi
713 2423 807 2489 oculi
823 2424 970 2490 doctrinis
981 2436 1080 2489 erent
1094 2424 1129 2489 iu
1146 2446 1252 2490 cornu
1263 2426 1324 2489 isto
1344 2437 1377 2490 et
1389 2448 1423 2491 os
1436 2424 1578 2513 loquens

260 2534 414 2625 inperitia
431 2563 446 2593 n
461 2556 468 2613 3
481 2570 525 2580 —
540 2531 718 2618 explicatio
729 2530 773 2596 ab
788 2530 911 2616 angelo
926 2528 1075 2595 traditur
1088 2552 1121 2595 v.
1137 2536 1191 2597 ib.
1208 2537 1267 2609 25;
1281 2532 1316 2596 in
1334 2530 1440 2597 oculis
1454 2530 1579 2596 adum-

259 2642 380 2707 bratur
399 2638 580 2727 sapientia,
603 2634 804 2724 prudentia,
826 2636 965 2718 astutia,
986 2657 1055 2723 qua
1077 2636 1140 2702 iste
1164 2639 1224 2725 qui
1245 2659 1351 2703 cornu
1375 2636 1581 2722 designatur

260 2770 341 2839 prae
356 2746 476 2812 ceteris
491 2723 656 2809 cmidehit
671 2746 703 2807 et
717 2741 842 2807 multos
861 2741 1010 2829 decipiet
1030 2742 1166 2831 (Tireod.
1185 2746 1270 2833 Lep.
1292 2746 1382 2811 Men.
1404 2743 1575 2830 Polo‘zer)3

261 2854 342 2921 huic
361 2851 426 2920 arti
442 2848 626 2917 seducendi
642 2850 826 2914 coniuncta
845 2853 895 2914 est
915 2848 1126 2932 humanitaS‚
1145 2850 1300 2933 comitaS,
1321 2851 1455 2916 virtutis
1471 2852 1578 2915 simu·
1608 2883 1614 2900 x

262 2963 344 3029 latio
363 2980 469 3049 quam
489 2957 547 3023 alii
568 2954 675 3022 oculis
697 2954 870 3041 designari
891 2956 1077 3044 opinantur
1094 2956 1209 3045 (lir·.);
1232 2956 1394 3045 superbia
1412 2962 1526 3023 autem
1544 2963 1579 3022 ei

262 3089 396 3136 summa
412 3062 608 3149 arrogantia
626 3066 660 3129 et
678 3060 857 3128 insolentia
880 3084 951 3128 non
972 3068 1042 3128 tam
1062 3064 1099 3129 in
1120 3064 1226 3129 oculis
1244 3063 1397 3152 (Moli),
1415 3084 1520 3152 quam
1540 3064 1579 3127 in

262 3198 321 3241 ore
333 3174 495 3263 loquente
513 3169 661 3260 prandio
680 3167 894 3235 describitur.

309 3284 439 3358 Quanta
453 3279 515 3343 iste
532 3281 670 3343 acturus
684 3276 728 3340 sit
742 3274 924 3341 insolentia
944 3282 1062 3342 contra
1084 3276 1236 3342 humana
1259 3276 1373 3342 onmia
1393 3286 1426 3342 et
1444 3277 1575 3355 divina,

264 3387 407 3474 angelus
424 3384 582 3474 pluribus
601 3382 753 3448 declarat
775 3404 808 3447 v.
831 3388 885 3447 25.
909 3388 999 3459 Quae
1017 3383 1044 3449 si
1063 3382 1321 3449 considerantur
1338 3383 1456 3449 addita
1473 3384 1580 3473 expli-

265 3496 395 3561 catione
414 3511 518 3581 quam
542 3488 809 3555 revelationibus
831 3493 864 3553 et
885 3488 1051 3554 doctrinis
1068 3489 1287 3578 postmodum
1307 3490 1440 3555 traditis
1458 3490 1579 3555 hauri-

265 3624 340 3667 mus
354 3622 394 3667 ex
412 3604 433 3663 2
454 3598 567 3662 Thess
590 3601 727 3676 2‚3-10,
745 3593 891 3659 dubium
910 3601 1044 3661 nonest
1070 3597 1153 3683 quin
1179 3594 1221 3661 de
1245 3596 1445 3662 antichristo
1466 3617 1583 3661 sermo

264 3708 441 3773 inferatur.
458 3706 503 3769 Ex
516 3707 648 3783 atr-12.
666 3706 773 3765 23-26
788 3699 950 3766 discimus
966 3722 1004 3765 ex
1017 3702 1118 3767 tertio
1133 3697 1268 3791 queque
1284 3724 1392 3788 regno
1411 3704 1580 3768 oriturum

266 3836 336 3882 esse
360 3833 466 3878 cornu
487 3808 581 3899 quod
600 3806 703 3873 simili
727 3805 829 3873 modo
851 3812 972 3873 contra
995 3808 1148 3874 humana
1172 3816 1204 3874 et
1231 3808 1348 3875 divina
1370 3809 1521 3875 furorem
1546 3815 1582 3873 ct

265 3920 432 3987 insaniam
454 3917 599 3998 effutiet,
622 3913 714 4003 quod
735 3935 841 3979 cornu
860 3912 1077 4001 postmodum
1100 3916 1148 3980 ita
1170 3912 1384 3997 describitur,
1401 3921 1438 3981 ut
1464 3936 1585 3981 omnes

265 4030 300 4094 in
318 4050 357 4093 eo
376 4028 565 4112 agnoscant
587 4021 795 4087 Antiochum
825 4020 1059 4109 Epiphanem,
1081 4027 1335 4109 persecutorem
1364 4020 1582 4088 ludaeorum.

265 4139 347 4200 Cum
370 4133 478 4218 igitur
494 4130 532 4195 in
550 4134 695 4216 utroque
717 4126 826 4216 capite
851 4126 894 4192 de
919 4148 1028 4193 cornu
1049 4148 1160 4192 sermo
1180 4130 1223 4192 sit
1243 4128 1334 4217 quod
1354 4126 1456 4194 simili
1478 4126 1585 4193 modo

265 4239 480 4321 describitur,
497 4239 576 4303 sunt
598 4235 657 4323 qui
677 4239 838 4300 censeant
854 4234 891 4299 in
914 4256 988 4323 cap.
1007 4240 1027 4299 *1
1043 4239 1076 4299 et
1094 4238 1113 4299 8
1132 4256 1240 4300 unum
1259 4235 1464 4300 Antiochum
1481 4234 1581 4299 illum

266 4345 482 4425 adumbrari;
500 4345 549 4411 ita
568 4341 638 4408 iam
653 4343 690 4409 S.
708 4341 815 4431 Epire.
840 4340 950 4407 Coim.
969 4340 1058 4406 Loolz
1079 4362 1118 4407 ex
1140 4340 1332 4423 catholiciS,
1355 4347 1387 4406 et
1409 4362 1448 4405 ex
1466 4344 1584 4430 prote-

266 4452 432 4519 stantibus
446 4456 497 4517 sat
518 4449 632 4530 multi,
654 4452 820 4537 quotquot
841 4447 915 4514 scil.
933 4452 1096 4536 quartum
1117 4469 1263 4533 regnum
1283 4469 1350 4513 non
1373 4446 1414 4512 de
1438 4466 1586 4533 romano

267 4565 449 4650 exponunt.

310 4672 352 4733 At
363 4665 427 4730 nisi
441 4664 557 4729 omnia
571 4660 836 4743 confundantur,
851 4660 892 4726 de
909 4682 979 4727 nno
996 4660 1184 4749 eodemque
1197 4682 1264 4727 non
1279 4666 1389 4750 petest
1405 4659 1583 4749 explicari.

267 4780 336 4842 lam
359 4772 450 4839 enim
469 4769 737 4835 demonstratum
758 4775 807 4835 est
825 4772 984 4859 quartam
1003 4766 1147 4835 bestiam
1166 4766 1587 4859 cup.7dese1·iptan1nou
