3550 5367
773 338 849 396 66.
873 340 903 411 a,
926 340 1020 398 aza-ao
1239 315 1241 326 ’
1501 344 1559 401 aaa

236 485 320 551 cula
335 484 376 551 66
398 490 554 574 tempore
574 486 760 580 messiauo;
780 486 925 575 proinde
941 488 975 553 vi
995 488 1179 555 verborum
1194 490 1231 554 in
1252 488 1469 557 hebdomada
1483 512 1561 581 sep·

239 592 432 677 tuagesima
443 591 515 659 1666
530 593 750 660 utillucescat
767 600 902 682 tempus
914 595 1134 671 messianum.
1154 595 1307 661 Alterum
1321 602 1385 677 est,
1399 596 1426 662 si
1445 598 1562 663 Daniel

239 720 302 765 suo
319 703 473 786 tempore
487 699 642 789 loquitur
660 699 702 767 de
718 706 837 781 uncto,
858 700 902 766 66
917 702 1089 790 principe,
1108 715 1214 790 usque
1238 701 1282 768 ad
1304 724 1407 791 quem
1428 708 1559 769 certum

237 802 417 892 quoddam
433 810 567 895 tempus
590 805 715 872 debeat
736 807 940 896 praeterire,
963 829 1031 873 non
1051 830 1148 896 posse
1170 808 1320 894 intelligi
1334 809 1398 873 nisi
1420 814 1560 875 unctum

238 910 374 977 illumi.
390 933 420 977 6.
442 934 561 997 regem
579 912 826 979 theocraticum
845 914 1058 1003 aprophelis
1072 914 1279 1003 promissum
1302 916 1361 1003 qui
1382 920 1457 1005 post
1473 916 1559 981 exsi-

240 1016 328 1083 lium
343 1019 490 1084 solutum
502 1040 627 1085 novam
640 1019 863 1086 theocratiam
876 1020 919 1085 sit
931 1020 1158 1101 instituturus,
1177 1022 1201 1087 i.
1216 1042 1245 1087 e.
1264 1023 1414 1087 llcssiam
1428 1044 1557 1108 regem.

240 1123 391 1190 Tertium
403 1130 451 1190 est
465 1133 600 1215 tempus
615 1133 657 1192 70
671 1125 928 1192 hebdomadum
944 1126 992 1193 ita
1009 1126 1117 1192 dividi
1133 1128 1170 1193 in
1189 1133 1258 1193 tres
1277 1132 1407 1217 parteS,
1431 1133 1468 1193 ut
1486 1130 1561 1193 uni-

238 1231 365 1318 cuique
382 1232 473 1321 parti
490 1236 602 1299 certus
619 1231 762 1321 quidam
777 1238 918 1299 eventus
935 1232 1162 1315 attribuatur3
1180 1234 1227 1301 ita
1244 1235 1304 1299 uni
1320 1233 1559 1300 hebdomadae

184 1360 189 1363 ·
239 1337 277 1402 in
288 1359 320 1403 v.
339 1343 381 1403 27
396 1336 601 1403 adscribitur
611 1338 824 1405 confirmatio
837 1340 944 1428 pacti;
963 1343 1040 1429 post
1050 1345 1092 1406 62
1107 1339 1212 1405 hebd.
1228 1339 1404 1407 occidetur.
1414 1344 1557 1421 Unctus;

237 1441 332 1509 unde
347 1450 486 1510 eventus
501 1444 560 1532 qui
575 1450 728 1511 remanet
740 1467 803 1533 pro
816 1450 972 1534 tempore
989 1450 1119 1534 septem
1138 1445 1242 1512 hebd.
1262 1467 1331 1511 non
1351 1451 1400 1511 est
1417 1446 1482 1512 nisi
1502 1469 1558 1513 ae-

234 1548 390 1617 dificatio
404 1551 537 1639 plateae
554 1556 588 1617 et
601 1572 779 1617 murorum
794 1553 832 1616 in
846 1553 1006 1637 angustia
1019 1556 1214 1641 temporum
1226 1576 1259 1616 v.
1277 1558 1332 1619 26.
1351 1556 1468 1641 ltaque
1481 1576 1558 1619 ver-

236 1656 361 1722 borum
375 1657 576 1747 compositio
591 1680 631 1723 66
645 1658 822 1723 collocatio
833 1663 882 1724 est
895 1658 981 1725 haec
996 1680 1004 1726 :
1021 1660 1071 1725 uti
1085 1660 1122 1725 in
1137 1681 1170 1725 v.
1186 1665 1227 1726 25
1244 1658 1312 1725 666
1326 1636 1555 1744 assignantur,

233 1761 312 1828 scil.
332 1764 501 1829 restitutio
517 1764 613 1830 urbis
631 1763 842 1830 etadventus
860 1766 971 1847 uncti,
989 1764 1104 1847 ducis,
1122 1767 1170 1831 ita
1185 1764 1273 1831 duae
1288 1786 1427 1854 666666
1445 1771 1558 1855 partes

236 1870 402 1958 temporis
416 1868 688 1955 distinguuntur,
705 1877 726 1935 7
744 1870 849 1936 hebd.
867 1876 901 1936 et
917 1877 971 1937 62.
994 1875 1077 1937 Cum
1098 1878 1213 1938 autem
1227 1877 1395 1960 pergatur
1413 1874 1496 1939 inv.
1514 1878 1557 1939 26

233 1987 361 2065 etpost
374 1974 474 2043 hebd.
491 1982 534 2043 62
547 1975 718 2043 occidetur
740 1978 877 2058 Unctus,
894 1982 1038 2067 apparet
1049 1978 1253 2045 sententiam
1276 2000 1363 2066 quae
1379 1978 1557 2045 antecedat

232 2095 270 2147 et
285 2104 422 2149 rursum
439 2082 679 2170 aedificabitur
695 2082 859 2172 platea...
875 2082 1091 2150 referendam
1110 2106 1179 2151 esse
1195 2083 1240 2151 ad
1257 2084 1408 2173 priorem
1427 2091 1557 2173 tempo-

235 2189 284 2254 ris
298 2194 449 2278 partem,
465 2190 545 2256 667
561 2188 807 2256 hebdomadas.
829 2190 919 2255 Nihil
934 2191 1027 2257 enim
1046 2188 1141 2257 aliud
1163 2195 1267 2256 restat
1286 2189 1332 2255 ad
1347 2190 1437 2278 quod
1453 2191 1555 2278 pcrti-

233 2316 317 2361 nere
331 2297 461 2385 possint
475 2296 554 2362 illae
568 2302 589 2361 7
604 2293 856 2363 hebdomadae.
873 2301 982 2383 Atque
1000 2296 1056 2362 hic
1074 2295 1158 2395 ordo
1173 2297 1207 2361 in
1221 2297 1296 2391 ipsa
1310 2297 1554 2363 sententiarum

232 2400 458 2468 collocatione
478 2402 577 2469 nobis
592 2400 828 2469 manifestatur
845 2426 853 2471 :
872 2402 1066 2469 aedificatio
1078 2402 1188 2484 urbis,
1201 2410 1323 2468 unctus
1339 2440 1383 2455 -
1397 2410 1416 2467 7
1432 2402 1551 2485 hebd,

234 2515 278 2573 62
300 2508 406 2575 hebd.
426 2548 471 2559 -
490 2508 680 2576 aedificatio
705 2509 801 2576 urbis
820 2514 853 2576 et
873 2514 950 2598 post
970 2515 1013 2575 62
1038 2508 1143 2575 16666.
1170 2510 1294 2576 occisio
1315 2508 1427 2591 Uncti;
1449 2502 1554 2575 habes

230 2622 285 2680 ter
300 2614 456 2682 membra
479 2615 577 2696 bina,
602 2636 690 2706 6666
712 2616 803 2682 16166
823 2638 858 2682 66
873 2615 995 2682 eodem
1014 2615 1134 2681 ordine
1156 2614 1422 2704 subsequuntur.
1441 2619 1552 2692 Quare

232 2729 254 2787 7
269 2721 505 2789 hebdomadae
519 2728 673 2811 spectant
686 2722 731 2789 66
747 2722 867 2790 urbem
887 2722 1152 2803 aedificandam,
1171 2728 1213 2788 62
1228 2727 1343 2789 autem
1363 2721 1553 2788 hebdoma-

230 2827 399 2917 6666666
417 2834 494 2917 post
504 2828 580 2894 illas
595 2836 616 2895 7
630 2836 774 2895 currunt
785 2836 920 2918 tempus
938 2831 1112 2916 assignant
1124 2836 1199 2919 post
1211 2828 1305 2918 quod
1318 2832 1444 2895 Unctus
1460 2828 1551 2895 occi-

231 2934 347 3002 detur.

277 3041 472 3109 Secundum
491 3047 619 3109 textum
633 3064 718 3108 mas.
741 3046 851 3130 potest
865 3043 902 3107 in
921 3040 1065 3108 dubium
1081 3042 1213 3123 vocari,
1231 3024 1348 3106 utrum
1364 3047 1407 3106 62
1421 3041 1551 3108 hebdo-

232 3149 353 3216 mades
372 3148 416 3214 ad
433 3150 583 3238 priorem
604 3150 790 3215 sententiae
809 3153 943 3237 partem
966 3146 1153 3215 trahendae
1173 3148 1255 3230 sint,
1278 3148 1327 3212 uti
1347 3153 1438 3213 certe
1457 3149 1496 3213 fit
1514 3150 1550 3214 iu

231 3256 342 3345 6616,
359 3277 402 3321 66
422 3255 467 3321 66
484 3278 525 3322 66
543 3256 752 3345 separandae
767 3260 801 3320 et
816 3253 861 3320 ad
873 3255 1138 3343 subsequentem
1154 3255 1355 3321 sententiam
1370 3254 1550 3321 adnecten-

231 3362 298 3428 dae
315 3383 322 3428 :
337 3368 370 3428 et
384 3364 468 3451 (per)
489 3368 531 3429 62
547 3362 651 3429 hebd.
670 3365 858 3427 revertetur
872 3366 905 3427 et
917 3360 1169 3438 aedificabitur3
1187 3362 1340 3449 sequitur
1353 3361 1444 3427 enim
1460 3362 1548 3455 6666

229 3480 305 3545 sine
319 3478 491 3567 particula
504 3478 764 3544 coniunctionis.
780 3481 821 3542 At
834 3481 912 3543 aute
929 3474 1017 3571 61616
1033 3498 1106 3542 eam
1120 3475 1324 3565 particulam
1339 3498 1409 3543 esse
1425 3498 1549 3565 ponen-

232 3589 313 3660 dam
327 3614 471 3683 eamque
487 3592 568 3659 olim
584 3592 686 3659 fuisse
706 3593 742 3659 in
757 3596 851 3659 textu
864 3592 966 3659 hebr.
987 3594 1080 3660 hisce
1099 3590 1262 3658 suadetur
1278 3614 1285 3660 :
1310 3592 1493 3659 Theodotio
1511 3593 1547 3657 in

231 3731 294 3775 sua
303 3710 458 3775 versione
469 3731 543 3775 eam
552 3710 712 3797 exprimit
720 3704 772 3768 καὶ
780 3701 952 3796 ἐπιστρέψει
963 3702 1015 3769 καὶ
1028 3694 1282 3794 cimbersaca,
1296 3708 1377 3775 item
1386 3710 1423 3775 S.
1436 3708 1548 3791 Hc'er.;

232 3816 342 3904 Syrus
353 3816 491 3905 quidem
508 3837 584 3882 eam
599 3836 667 3881 non
684 3814 839 3904 praebet,
858 3814 1117 3881 atanteahabet
1132 3826 1287 3903 6166666
1302 3813 1345 3880 ad
1363 3813 1547 3881 adventum

234 3923 368 3988 llessiae
387 3922 496 4007 regis;
521 3943 629 4011 66666
652 3927 743 3986 66616
766 3927 901 4010 tempus
922 3921 989 3987 hoc
1014 3943 1120 4009 usque
1145 3919 1190 3987 ad
1214 3920 1398 3986 adventum
1414 3921 1547 3987 llessiae

231 4028 444 4117 computavit
454 4050 494 4093 ex
506 4033 652 4116 utroque
667 4048 821 4093 numero.
839 4032 1019 4093 Praeterea
1030 4048 1107 4093 cum
1120 4028 1155 4091 in
1168 4049 1200 4093 v.
1219 4032 1261 4093 26
1276 4027 1367 4093 6666
1382 4026 1547 4093 messiana

231 4136 475 4223 promittantur
500 4134 537 4198 in
555 4132 773 4200 hebdomada
793 4134 1061 4223 septuagesima,
1083 4155 1200 4199 sensus
1217 4154 1286 4199 esse
1303 4132 1422 4221 nequit
1441 4154 1547 4221 usque

231 4240 275 4306 ad
289 4241 436 4308 Messinm
452 4262 522 4306 esse
537 4247 558 4305 7
576 4239 828 4321 hebdomadas3
850 4261 932 4305 nam
948 4240 1039 4305 bona
1058 4240 1225 4307 messiane
1241 4239 1432 4305 afferuntur
1451 4243 1483 4305 et
1499 4240 1547 4305 61-

231 4347 394 4413 ficiuntur
412 4369 474 4437 per
492 4348 662 4428 hassiam
680 4346 773 4413 unde
787 4345 976 4412 absurdum
994 4352 1080 4413 esset
1095 4350 1128 4410 et
1143 4345 1390 4434 prophetarum
1403 4346 1547 4412 oraculis

231 4454 333 4541 plane
349 4455 560 4521 contrarium
580 4453 770 4530 affirmare,
797 4451 945 4519 llessiam
961 4459 1143 4518 venturum
1163 4473 1234 4518 esse
1253 4458 1327 4541 post
1350 4452 1452 4518 hebd.
1470 4459 1491 4517 7
1515 4459 1547 4518 et

231 4560 322 4625 bona
336 4561 504 4626 messiane
518 4565 596 4649 post
609 4565 651 4625 μ11)
668 4559 736 4647 (661
757 4561 810 4647 63)
824 4558 947 4639 hebd.;
972 4580 1077 4648 66666
1093 4559 1281 4626 necessario
1300 4558 1466 4645 assignari
1486 4558 1546 4624 de-

230 4666 290 4732 bet
304 4667 470 4732 terminus
485 4689 590 4755 usqae
606 4665 656 4731 cd
665 4679 820 4745 tinctum,
832 4665 952 4731 deaceae
966 4671 1135 4754 tempus'l
1152 4682 1190 4735 ÷
1207 4671 1249 4731 62
1264 4665 1385 4747 661)6.;
1408 4664 1445 4731 id
1465 4686 1546 4731 vero

227 4774 323 4839 clare
337 4772 392 4853 fit,
407 4773 434 4837 si
448 4774 611 4839 inseritur
624 4783 666 4839 61.
685 4777 827 4838 Domum
844 4772 892 4838 ita
907 4794 977 4839 esse
989 4770 1204 4858 iungendum
1224 4778 1361 4860 practer
1374 4771 1546 4837 concinni-
