3550 5367
732 347 808 406 ΒΑΝ.
834 346 882 419 10,
907 349 1013 416 ‘at-11,
1037 350 1057 406 2
1491 351 1550 410 287

232 493 353 584 populi
368 496 426 560 ltei
441 499 679 583 promoturum
695 517 774 562 esse.
792 497 875 562 Dein
890 520 931 563 ea
945 519 1082 585 quoque
1101 519 1136 562 se
1150 499 1431 565 annuntiaturum
1449 523 1549 588 prae-

232 600 325 666 fatur
338 623 425 689 quae
440 605 594 690 tempore
607 601 705 687 regni
720 605 925 668 Graecorum
942 603 1060 669 futura
1079 609 1159 670 sunt
1173 626 1205 670 v,
1222 611 1262 670 21
1284 634 1299 665 c
1316 617 1550 672 verumtamen

232 705 443 772 annuntiabo
463 706 527 774 tior·
543 708 636 796 qaod
648 731 842 798 capreosam
858 722 905 775 est
920 710 957 775 ia
974 711 1141 800 eruptura
1157 710 1325 792 ueritates,
1342 725 1375 777 et
1386 734 1484 778 nemo
1502 725 1551 778 est

232 812 371 879 adiutor
387 835 481 880 meas
499 814 536 880 ia
550 814 705 880 omnibus
724 815 774 881 dis
798 816 868 882 uisi
890 816 1040 882 Mz'cbael
1057 816 1217 906 princeps
1236 830 1362 901 oester;
1388 825 1463 900 11,t
1486 841 1546 908 epo

232 932 347 986 autem
366 919 409 986 ab
425 941 515 986 anno
524 923 640 1010 primo
656 922 757 987 Dart'c'
773 922 1012 989 Medietatem
1036 935 1074 987 at
1090 925 1339 1012 confortaretur
1358 937 1389 991 et
1408 923 1549 991 robora-

231 1039 324 1092 retur
343 1055 357 1086 u
374 1050 381 1109 ;
397 1065 442 1076 —
461 1029 631 1117 scriptura
645 1030 698 1095 vel
712 1028 803 1095 liber
820 1030 971 1096 veritatis
985 1029 1147 1096 dicuntur
1161 1030 1297 1097 decreta
1318 1030 1437 1096 divina
1459 1053 1548 1120 quae

230 1133 324 1222 apud
338 1139 442 1200 Deum
462 1137 560 1223 quasi
577 1137 703 1226 scripto
718 1137 919 1221 consignata
942 1142 1174 1226 reponuntur;
1192 1137 1234 1204 of.
1254 1144 1347 1220 7,10.
1373 1143 1468 1206 Dent.
1491 1145 1544 1220 32,

232 1247 287 1308 3b.
305 1245 355 1306 Ps.
380 1247 514 1322 138,16.
533 1247 570 1320 ln
591 1241 646 1307 his
669 1265 757 1330 quae
780 1249 899 1310 contra
917 1265 1063 1329 regnum
1078 1244 1215 1309 tertium
1234 1243 1370 1330 agenda
1385 1249 1463 1310 sunt
1483 1229 1549 1310 sibi

230 1345 424 1414 adiutorem
446 1369 516 1414 esse
539 1347 752 1429 lliehaelem‚
783 1349 947 1434 angelum
967 1354 1113 1415 tutorem
1136 1348 1358 1433 ludaeorum,
1385 1350 1545 1417 affirmat.

228 1452 370 1520 Michael
384 1455 500 1542 itaque
515 1458 686 1543 protector
702 1459 737 1520 et
751 1455 936 1544 opitulator
947 1457 1066 1545 populi
1081 1457 1138 1521 Dei
1158 1456 1296 1544 speciali
1310 1456 1412 1522 modo
1430 1456 1548 1545 perhi-

229 1557 346 1640 betur;
364 1581 471 1648 quare
486 1561 560 1626 iure
574 1558 722 1626 habetur
737 1561 902 1646 singulari
918 1563 1050 1628 ratione
1060 1567 1152 1627 tutor
1163 1583 1202 1627 ao
1214 1561 1371 1628 defensor
1382 1561 1547 1628 Ecclesiae

228 1687 317 1754 quae
335 1672 384 1732 est
398 1667 496 1732 heres
515 1667 684 1733 bonorum
703 1669 948 1734 messianornm
973 1675 1005 1734 et
1027 1669 1187 1734 successit
1207 1669 1316 1734 veteri
1332 1667 1474 1734 foederi.
1491 1669 1548 1734 tri-

229 1773 327 1839 chael
346 1777 461 1840 antem
477 1773 526 1840 ita
546 1793 639 1839 nunc
655 1773 779 1860 angelo
794 1795 895 1865 opem
912 1775 1001 1840 ferre
1016 1775 1153 1856 dicitur,
1169 1774 1257 1840 sicut
1271 1774 1415 1860 angelus
1433 1774 1465 1840 ei
1488 1773 1546 1840 ad-

227 1880 313 1946 stitit
327 1881 439 1969 primo
454 1903 544 1946 anuo
558 1881 666 1960 Darii,
684 1881 734 1947 uti
753 1887 881 1948 textum
906 1881 1004 1949 hebr.
1030 1882 1204 1971 accipiunt
1225 1883 1298 1948 Vat.
1314 1882 1404 1947 Mar.
1433 1879 1543 1948 Calm.

228 1987 326 2054 nott.
339 1987 465 2076 aliique
480 1989 696 2054 recentiores.
716 1992 759 2052 De
775 2010 843 2076 qua
857 2011 892 2054 re
908 1989 1076 2074 angelico
1091 1996 1245 2077 tempore
1257 1980 1385 2053 fuerint.
1395 1987 1541 2066 solliciti,

228 2093 379 2160 declarat
394 2093 515 2161 l'beod.
533 2099 570 2160 ut
589 2095 662 2161 scil.
684 2095 831 2184 populns
846 2097 1050 2183 quamtocius
1063 2095 1225 2160 libertate
1244 2093 1412 2160 redeundi
1430 2095 1466 2159 in
1481 2116 1541 2182 pa·

226 2201 327 2266 triam
350 2199 547 2266 donaretur.
569 2200 670 2267 Hebr.
694 2200 736 2266 ud
759 2201 902 2267 verbum
922 2213 1011 2267 stare
1034 2224 1149 2266 ciream
1169 2202 1191 2266 i.
1210 2224 1241 2266 e.
1262 2201 1375 2266 adstiti
1396 2199 1444 2265 ad
1463 2222 1544 2265 cora

222 2305 425 2393 sartandum
443 2317 476 2372 et
489 2305 716 2373 roborandum
731 2329 808 2372 eam
815 2328 829 2389 ,·
845 2307 891 2373 ad
907 2308 1043 2373 Darium
1059 2309 1118 2374 alii
1135 2308 1289 2373 referunt
1305 2307 1361 2373 cui
1376 2306 1544 2372 adstiterit

225 2413 369 2506 angelus
384 2413 524 2480 inbono
539 2415 637 2498 regni
652 2413 947 2480 administratione
957 2412 1011 2480 vel
1027 2420 1064 2480 ut
1079 2414 1212 2480 fortiter
1227 2435 1266 2480 ac
1279 2416 1470 2480 constanter
1485 2435 1544 2501 po-

224 2519 309 2608 pulo
322 2521 380 2587 uei
393 2521 534 2587 faveret.
552 2521 761 2606 Angelorum
776 2543 859 2587 eura
879 2527 912 2586 et
929 2520 1093 2588 auxilium
1112 2521 1203 2586 hisce
1224 2519 1387 2610 exemplis
1405 2518 1544 2606 egregie

227 2624 492 2693 demonstratur.

517 2850 539 2919 c)
561 2853 610 2905 De
629 2851 736 2904 initiis
756 2853 853 2917 regni
872 2853 1078 2905 Graecorum
1100 2853 1153 2917 11,
1173 2851 1243 2903 2-4.

270 3051 381 3112 Pauca
399 3046 568 3136 quaedam
587 3047 629 3113 de
650 3069 756 3133 regno
773 3052 952 3114 Persarum
972 3048 1240 3136 praemittuntur
1260 3069 1291 3112 v.
1316 3052 1336 3110 2
1358 3073 1374 3104 u
1392 3047 1437 3111 Et
1451 3068 1541 3110 nanc

223 3152 399 3219 veritatem
422 3152 635 3220 anortntz'ado
655 3152 718 3220 tibi
729 3176 739 3220 :
756 3176 832 3220 ecce
857 3154 970 3220 adduc
995 3165 1060 3218 tres
1082 3175 1174 3242 repes
1188 3151 1327 3217 stabant
1344 3152 1380 3217 in
1402 3150 1540 3216 Perside

223 3269 257 3325 et
269 3272 409 3348 qrcartas
426 3258 591 3326 ditabitur·
606 3259 724 3349 opibus
742 3261 854 3325 nimiis
869 3282 971 3349 saper
983 3281 1097 3325 carues
1120 3271 1152 3324 et
1176 3281 1253 3324 cerm
1277 3256 1466 3324 z'aoalaerit
1489 3255 1542 3322 di-

223 3365 313 3432 uitiis
340 3366 427 3446 sicia,
449 3365 632 3432 concitabit
653 3389 768 3433 omues
791 3367 970 3433 adversam
996 3388 1140 3456 rcqoam
1166 3365 1330 3431 Graeciae
1350 3386 1385 3445 »ς
1403 3403 1446 3412 -
1460 3363 1484 3428 i.
1507 3386 1536 3430 e.

220 3476 290 3539 tres
304 3495 401 3560 reges
413 3480 489 3561 post
506 3477 631 3560 Cyrum
646 3473 717 3540 scil.
735 3474 831 3540 cuius
849 3474 884 3539 in
900 3495 990 3539 anno
1004 3474 1104 3539 tertio
1124 3470 1303 3538 oraculum
1322 3471 1387 3537 hoo
1408 3469 1536 3549 oditur;

220 3581 330 3666 igitur
345 3580 536 3667 Cambyses,
552 3579 864 3661 Pseudo-smerdis,
882 3581 1002 3647 Darius
1022 3580 1193 3668 Hystaspi,
1221 3583 1363 3668 quartus
1382 3580 1431 3642 est
1457 3581 1539 3642 Xer-

222 3709 278 3752 xes
296 3716 309 3747 κ
332 3688 390 3776 qui
406 3687 657 3776 potentissimus
671 3710 729 3753 rex
744 3693 776 3752 et
791 3687 976 3752 ditissimus
993 3686 1172 3752 adversum
1188 3685 1361 3752 Graeciam
1382 3684 1539 3748 innume-

221 3792 366 3858 rabilem
389 3792 484 3858 duxit
499 3794 685 3859 exercitum
706 3821 721 3854 »
738 3795 787 3882 (S.
805 3792 925 3884 [liert.
944 3794 1085 3859 Divitiae
1107 3815 1127 3858 a
1145 3796 1253 3858 Xerxe
1271 3789 1431 3856 collectae
1446 3787 1539 3876 apud

221 3921 337 3965 rerum
353 3899 533 3988 scriptores
550 3899 743 3966 laudantur.
763 3904 832 3966 lam
845 3899 951 3965 Malcl.
969 3900 1088 3965 recitat
1106 3899 1220 3964 locum
1237 3920 1275 3962 ex
1296 3896 1421 3961 Iustino
1434 3901 1537 3974 2,10:

224 4033 241 4065 «
262 4012 412 4072 ceterum
429 4007 456 4072 si
470 4027 588 4092 regem
600 4011 744 4094 spectes,
762 4004 900 4071 divitius
913 4027 980 4071 non
997 4005 1119 4093 ducem
1135 4003 1267 4085 landeS,
1285 4023 1431 4092 quarum
1444 4006 1538 4065 tanta

220 4113 319 4201 copia
337 4115 372 4178 in
387 4134 494 4199 regno
512 4113 583 4178 eius
602 4113 681 4193 fnit,
701 4119 738 4178 ut
758 4134 836 4178 eum
848 4111 992 4177 flumina
1006 4110 1226 4177 multitudine
1242 4112 1534 4186 consumerentur,

220 4242 302 4307 opes
316 4224 432 4286 tamen
449 4220 565 4305 regiae
584 4225 797 4308 superessent
815 4241 849 4300 »3
866 4218 909 4284 cf.
929 4218 1051 4298 Herod,
1070 4225 1165 4298 7,29;
1183 4224 1285 4305 atque
1305 4215 1347 4282 de
1366 4238 1405 4280 eo
1424 4215 1538 4279 Cicero

220 4348 358 4414 quoque
382 4326 499 4392 scribit
529 4327 672 4411 {Tuscul
699 4325 825 4416 disput.
847 4331 916 4408 5‚7.
936 4325 992 4413 20)
1012 4347 1019 4391 :
1040 4330 1198 4390 «Xerxes
1218 4321 1537 4389 refertusomnibus

219 4433 382 4522 praemiis
394 4433 560 4522 donisque
575 4433 731 4499 fortunae
746 4455 814 4498 non
830 4433 1000 4520 equitatu,
1017 4454 1085 4496 nou
1100 4429 1313 4519 pedestribus
1327 4428 1449 4517 copiis,
1466 4449 1536 4494 non

218 4541 361 4606 nuvium
376 4540 612 4623 multitudiue,
628 4563 694 4606 non
711 4540 845 4605 infinito
860 4538 1012 4627 pondere
1031 4539 1108 4603 anri
1127 4541 1322 4616 contentus,
1341 4535 1533 4625 praemium

217 4648 396 4736 proposuit
410 4648 467 4737 qui
489 4647 670 4714 invenisset
689 4633 813 4713 novum
829 4645 1041 4734 voluptatem
1060 4663 1096 4722 »3
1116 4645 1158 4710 cl.
1176 4645 1293 4712 Sauct.
1315 4647 1444 4720 Quanto
1456 4662 1535 4706 vero

217 4759 389 4843 apparatu
405 4759 437 4820 et
454 4755 590 4843 quantis
604 4753 795 4843 sumptibus
807 4753 938 4819 bellum
955 4752 1107 4818 intulerit
1122 4752 1273 4833 Graecis,
1296 4751 1409 4838 graeci
1428 4747 1534 4835 scrip-
