3550 5367
1618 317 1771 374 ΒΑΝ.
1819 316 1879 384 9,
1927 317 2005 374 25
3005 315 3118 371 ΞΗ

478 484 603 526 nus
632 465 717 525 ad
753 483 930 544 quem
960 465 1300 538 indicetur,
1335 467 1435 527 cui
1469 466 1706 545 duplex
1736 465 2042 545 temporis
2083 465 2529 527 determinetis
2565 467 2962 543 res-pendeat.
2998 467 3118 523 Sed

474 550 511 627 ¹7
537 581 668 624 non
699 579 814 640 per
852 579 917 622 se
949 562 1156 624 induit
1195 564 1524 625 notionem
1554 582 1735 642 usque
1763 565 1880 637 ad,
1916 564 2027 625 sed
2067 567 2377 641 temperis
2421 567 2589 623 nette
2629 567 2677 623 si
2713 567 2890 623 {estest
2922 567 3118 623 centi-

477 665 670 721 netur
709 661 779 718 in
800 661 1011 720 verbis
1044 662 1385 739 appositis;
1423 662 1593 722 unde
1624 662 1730 722 vix
1760 663 1923 722 verti
1961 667 2161 741 potest
2193 683 2213 719 .·
2253 663 2329 723 eli
2377 663 2541 719 esitii
2581 663 2890 719 sermonis
2926 679 3118 739 usque

477 760 560 820 ad
603 758 1078 819 restitutionem
1128 765 1192 819 et
1242 760 1753 821 aedificationem
1799 760 2170 832 Ierusalem,
2225 779 2421 835 usi-[ue
2469 759 2545 819 arl
2601 759 2918 819 Christum
2974 763 3114 815 sunt

478 857 675 917 hebd.
704 860 737 913 7
767 863 828 917 et
859 856 1048 917 hebd.
1076 859 1175 917 62.
1209 857 1303 917 Ita
1325 856 1517 936 Syrus
1545 862 1758 918 tamen
1784 862 2029 919 textum
2054 859 2373 935 accepisse
2397 859 2665 924 ridetur.
2701 875 2841 915 eunt
2866 859 2922 915 in
2954 863 3010 915 ut
3029 875 3118 915 re-

480 972 609 1031 que
638 956 929 1015 membro
960 943 1316 1033 praebeat&
1345 953 1485 1034 (pro
1516 955 1696 1015 hebr.
1726 943 1759 1018 Β
1786 960 1848 1016 et
1869 954 1970 1034 w)
2004 960 2066 1015 et
2096 963 2241 1015 ante
2273 955 2542 1015 alterum
2577 955 2813 1011 inserat
2837 963 2890 1011 er
2918 971 3118 1031 usqum·-

478 1052 559 1111 ad
606 1051 952 1112 adventum
997 1053 1261 1112 Messiae
1305 1054 1497 1132 regiS.
1545 1053 1709 1112 Huic
1751 1053 2107 1130 acceptioni
2157 1059 2485 1130 praet-eree
2537 1055 2785 1111 ehstere
2841 1051 3118 1118 ridetur,

478 1149 654 1227 quod
683 1168 811 1210 non
838 1151 991 1211 satis
1021 1150 1378 1211 declaratur
1402 1150 1607 1228 qualis
1639 1168 1851 1210 sermo
1880 1150 2297 1227 intelligatur:
2329 1151 2493 1211 unde
2521 1155 2589 1207 ut.
2613 1151 2777 1207 etet-e
2817 1151 3122 1207 habeatnr

480 1248 637 1325 quid
669 1248 779 1309 illo
806 1250 997 1308 verbo
1029 1246 1262 1309 debeat
1291 1248 1631 1320 contineri,
1659 1236 2141 1310 communiter&
2172 1247 2485 1323 seeipitur
2517 1267 2589 1307 ea
2617 1247 2874 1307 netiene
2898 1263 3018 1323 que
3046 1247 3118 1303 ml

480 1347 642 1423 quid
668 1347 888 1406 tendat
915 1346 1118 1428 oratio
1150 1346 1570 1423 significatum
1605 1346 1693 1405 ita
1716 1347 1781 1405 in
1812 1345 1974 1424 vulq.
2006 1350 2077 1406 ut
2106 1347 2501 1415 aedificetur,
2533 1343 2886 1403 'l'heedetie
2918 1363 2934 1403 :
2966 1343 3122 1416 lsi-sos

475 1449 573 1502 τοῦ
600 1445 967 1516 οἰκοδομῆσαι.
1004 1447 1083 1504 At
1112 1449 1331 1523 posset
1360 1443 1617 1523 reponi,
1652 1444 1839 1521 quale
1871 1444 1954 1504 sit
1981 1445 2249 1503 verbum
2281 1463 2397 1523 pre
2441 1443 2681 1503 ratiene
2717 1443 2946 1503 erseuti
2994 1443 3122 1499 suf—

481 1543 773 1603 ficienter
806 1542 985 1602 innui
1016 1542 1158 1621 ipso
1196 1542 1518 1620 adscripto
1557 1543 1833 1602 termino
1863 1542 2106 1619 priore,
2144 1559 2269 1620 que
2301 1543 2489 1599 simul
2541 1539 2853 1599 indicetur
2898 1543 3118 1599 saltem

479 1640 792 1700 indirecte
836 1646 898 1699 et
929 1643 1325 1708 connotetur‚
1373 1641 1452 1700 ad
1500 1639 1651 1717 quid
1683 1640 1905 1700 tendat
1943 1641 2233 1711 verbum,
2269 1639 2641 1715 praesertim
2689 1639 2741 1695 si
2777 1639 3122 1695 attenderis

479 1738 612 1799 dici
642 1740 719 1798 ab
745 1741 959 1814 exitu;
990 1737 1160 1798 unde
1191 1740 1461 1797 verbum
1490 1737 1660 1815 quod
1692 1738 2090 1816 concipiatur
2114 1739 2421 1815 aggrediens
2449 1743 2509 1795 et
2545 1755 2741 1811 usqne
2773 1739 2849 1795 erl
2878 1739 3120 1795 eertum

480 1836 827 1896 terminum
860 1835 1036 1912 quasi
1069 1835 1482 1914 perveniens,
1513 1853 1588 1895 eo
1631 1835 1771 1912 ipso
1798 1837 2048 1913 concipi
2095 1853 2277 1914 posse
2309 1835 2541 1895 {sedens
2573 1835 2649 1891 ad
2685 1835 2861 1891 illum
2898 1835 3118 1891 termi-

481 1952 667 2007 num;
702 1951 894 2011 quare
927 1933 1111 2011 quale
1143 1935 1227 1992 sit
1253 1934 1538 2004 verbum,
1576 1933 1746 1992 haud
1777 1934 2103 1993 immerito
2129 1934 2205 1993 ah
2237 1935 2373 2011 ipse
2409 1935 2677 1991 termine
2705 1931 2938 2007 eeltigi.
2966 1931 3122 1987 *siste

480 2030 699 2092 Ret'nke
728 2031 769 2092 l.
791 2050 846 2092 c.
880 2050 940 2107 p.
974 2033 1111 2090 262.
1148 2033 1286 2090 263.

561 2130 783 2200 Quaeri
835 2130 1027 2188 etiam
1065 2134 1278 2207 potest
1320 2128 1640 2220 quomodo
1683 2130 1940 2206 proprie
1985 2129 2185 2205 accipi
2241 2131 2466 2187 debeat
2525 2127 2717 2187 dietie
2745 2143 2878 2219 'tuq
2910 2127 3118 2215 pitz-'73-

481 2261 690 2315 utrum
723 2254 860 2314 scil.
891 2255 1187 2332 princeps
1226 2259 1451 2315 unctus
1494 2254 1608 2331 (ita
1656 2258 1724 2314 ut
1766 2260 1980 2314 unctus
2013 2270 2129 2331 per
2171 2255 2437 2311 medum
2469 2255 2765 2311 adieetiri
2801 2255 3070 2327 periatur
3106 2267 3118 2307 1

480 2353 777 2431 princeps
805 2352 913 2429 qui
946 2352 1026 2411 sit
1045 2351 1296 2431 unctus)
1327 2370 1407 2411 an
1440 2355 1667 2412 unctus
1694 2350 1961 2429 quidam
1993 2352 2104 2428 qui
2138 2351 2325 2411 simul
2361 2351 2441 2409 sit
2473 2351 2797 2427 princeps,
2833 2367 2906 2407 sn
2942 2347 3118 2423 quasi

480 2467 713 2511 nomen
744 2450 1072 2527 proprium
1099 2451 1331 2511 Unctus
1363 2450 1470 2509 ille
1498 2454 1685 2510 notus
1712 2450 1823 2527 qui
1852 2450 1933 2509 sit
1963 2449 2261 2527 princeps
2297 2451 2393 2507 rel
2433 2467 2561 2507 res.
2601 2447 2886 2507 Primum
2938 2445 3122 2503 resel-

481 2548 631 2609 litur
672 2566 747 2609 ex
776 2548 1113 2607 verborum
1149 2547 1601 2617 collocatione,
1637 2547 1790 2625 quia
1830 2548 1896 2605 in
1926 2547 2104 2607 hebr.
2144 2547 2533 2607 adiecti-:um
2569 2563 2685 2603 sue
2721 2543 3118 2603 substantiae

481 2647 889 2724 postponitur
919 2645 1025 2725 (cl'.
1063 2643 1306 2716 Ewald,
1337 2644 1669 2706 Lehrbuch
1698 2647 1728 2721 ἓ
1756 2646 1907 2719 293;
1943 2662 2104 2723 quae
2138 2647 2537 2723 eseipiuntur
2565 2643 2946 2719 primissime
2978 2647 3118 2699 sunt

481 2762 689 2821 neque
734 2742 860 2804 huc
899 2742 1227 2821 spectant).
1279 2745 1494 2821 Neque
1539 2744 1807 2804 tertium
1850 2743 2102 2821 probari
2150 2747 2393 2821 petest:
2441 2747 2910 2819 essteteretur
2950 2739 3118 2795 enim

479 2843 785 2903 articulus
816 2856 1023 2915 “evum
1048 2840 1220 2901 unde
1253 2842 1423 2919 quod
1463 2842 1742 2902 secundo
1774 2842 1915 2901 loco
1945 2843 2225 2919 positum
2257 2847 2349 2899 est
2383 2841 2773 2917 sequendum
2813 2839 2954 2899 erit.
2994 2839 3122 2895 ves

480 2955 609 3005 ’τηε
642 2941 836 3000 etiam
868 2940 945 3000 de
980 2957 1128 3018 rege
1163 2939 1547 3000 theocratico
1579 2939 1848 3010 dicitur;
1884 2942 1914 2998 1
1947 2938 2117 2999 Sam.
2152 2941 2293 3007 aas
2337 2959 2349 2995 ;
2393 2947 2449 2995 et
2489 2955 2681 3015 unges
2717 2955 2857 2995 eum
2890 2935 3118 2995 ducem

482 3055 674 3115 super
714 3037 1021 3115 populum
1063 3054 1278 3097 meum
1310 3037 1533 3111 Israel;
1567 3039 1604 3095 2
1633 3036 1802 3096 Sam.
1841 3038 1964 3109 7‚8.
2003 3038 2032 3095 1
2068 3038 2221 3112 Regs.
2265 3039 2425 3103 1513.
2465 3039 2489 3095 t
2529 3035 2757 3095 tfflhren.
2797 3035 2934 3099 ihs
2962 3039 3118 3091 ster

483 3135 776 3213 quamvis
808 3153 993 3212 saepe
1044 3135 1271 3195 latiore
1320 3153 1511 3195 sensu
1558 3134 1635 3195 de
1684 3134 1910 3204 nobili,
1958 3133 2277 3211 principe,
2325 3135 2481 3191 duee
2529 3131 2918 3191 adhibeatur.
2966 3131 3118 3187 Cum

481 3240 700 3293 unctus
734 3233 811 3293 de
839 3232 1163 3293 sacerdote
1194 3249 1451 3311 quoque
1498 3232 1754 3292 dicatur
1795 3234 1942 3291 Lev.
1985 3235 2046 3304 4,
2077 3234 2132 3291 3.
2170 3235 2205 3291 ᾖ
2233 3231 2409 3287 hebr.
2465 3231 2569 3295 iti:
2605 3231 2749 3302 ms
2781 3227 2986 3295 hebr„
3020 3227 3122 3283 hie

485 3332 755 3410 intelligi
799 3336 1010 3409 potest
1057 3331 1352 3391 sacerdos
1403 3331 1511 3408 qui
1558 3330 1747 3391 simul
1790 3331 1874 3389 sit
1917 3328 2042 3390 dux
2081 3333 2145 3389 et
2193 3331 2517 3407 prineeps,
2577 3327 2741 3387 sieut
2793 3327 3122 3383 saetae-tas

485 3445 737 3507 quoque
770 3429 846 3488 de
879 3412 1105 3489 Messia
1134 3429 1291 3488 dicit
1325 3446 1338 3487 :
1374 3429 1494 3488 erit
1516 3427 1810 3488 sacerdos
1839 3445 2029 3505 super
2061 3426 2221 3486 solie
2249 3443 2393 3494 sue,
2429 3443 2641 3503 regem
2665 3443 2809 3483 eun]
2833 3427 2894 3483 et
2926 3439 3122 3479 sees-r-

485 3526 701 3586 dotem
738 3527 1100 3598 declaranS,
1145 3532 1332 3603 prout
1363 3527 1491 3586 iam
1526 3528 1599 3585 fit
1632 3525 1733 3585 Ps.
1766 3527 1882 3586 109
1913 3544 1926 3584 ε
1963 3525 2201 3603 virgam
2249 3523 2501 3583 virtutis
2533 3531 2677 3583 tuse
2725 3519 2974 3579 emittet
3010 3523 3122 3579 lle-

484 3624 697 3684 minus
734 3642 810 3684 ex
836 3625 1062 3685 Sion...
1087 3629 1154 3685 tu
1182 3642 1248 3684 es
1270 3623 1564 3684 sacerdos
1592 3622 1657 3682 in
1694 3628 2049 3683 aeternum.
2085 3623 2257 3693 Quae
2281 3623 2449 3679 reeis
2477 3619 2849 3695 signil'ieetie
2882 3615 3122 3691 eptinie

484 3739 632 3781 cum
663 3721 729 3783 vl
758 3723 836 3781 26
866 3721 944 3782 de
987 3726 1189 3782 morte
1235 3721 1500 3784 Messiae
1544 3719 1838 3798 congruit
1882 3722 1989 3797 qui
2033 3727 2357 3795 tamquam
2389 3719 2681 3779 sacerdes
2709 3735 2773 3775 se
2809 3719 3018 3791 ipsum
3062 3711 3122 3771 in

486 3836 593 3879 ara
618 3820 819 3880 crucis
843 3820 1078 3880 obtulit
1096 3826 1159 3878 et
1180 3821 1490 3880 sacrificio
1511 3837 1625 3880 suo
1651 3819 1894 3879 hostias
1917 3823 1980 3880 et
2001 3819 2305 3879 sacrittris
2325 3819 2557 3875 veteris
2585 3815 2857 3875 foeneris
2882 3831 3122 3871 cessar*-

486 3916 640 3976 secit
662 3921 724 3976 et
752 3917 1069 3995 abrogavit
1104 3935 1161 3977 v.
1192 3918 1291 3977 27.

579 4095 768 4160 Hisce
807 4096 1193 4183 praemissis
1216 4095 1467 4183 quibus
1500 4094 1856 4160 oraculum
1884 4093 2385 4159 demonstratur
2417 4095 2829 4155 messianum
2866 4087 3126 4175 reliqua

485 4197 754 4266 facilius
784 4199 1269 4289 expediuntur;
1305 4199 1390 4266 ab
1423 4200 1609 4266 exie-u
1638 4201 1964 4265 sermonis
1993 4200 2039 4265 i.
2074 4221 2131 4264 e.
2166 4199 2253 4263 ab
2293 4219 2373 4263 ee
2405 4203 2705 4287 tempere
2737 4219 2874 4283 que
2906 4191 3130 4259 deerr-

486 4316 637 4372 tum
659 4306 1014 4392 egreditur
1040 4307 1144 4372 vel
1172 4307 1680 4396 promulgatur,
1718 4312 1794 4371 ut
1818 4304 2181 4371 Ierusalem
2207 4307 2597 4371 restituatur
2625 4311 2685 4367 et
2705 4299 2902 4367 aedifi
2914 4307 3122 4367 cetur.

489 4413 838 4479 Eiusmodi
866 4413 1079 4498 igitur
1104 4413 1455 4480 decretum
1488 4420 1838 4503 tamquam
1871 4412 2143 4477 initium
2164 4415 2489 4499 temperis
2509 4411 2910 4495 designet-ur
2934 4431 2970 4471 a
2994 4427 3130 4495 que

491 4526 575 4584 70
616 4518 824 4585 hebd.
855 4519 990 4585 sint
1029 4519 1555 4608 computandae.
1599 4523 1741 4585 lam
1774 4518 1976 4608 quale
2017 4517 2303 4583 verbum
2345 4519 2701 4603 egrediens
2741 4515 3130 4599 intelligen-

491 4626 660 4690 dum
702 4629 840 4691 est‘?
878 4627 1197 4702 Quamvis
1242 4625 1484 4692 eadem
1524 4626 1733 4692 dictio
1786 4628 1858 4692 in
1896 4648 1960 4689 V.
2008 4631 2091 4691 23
2131 4625 2425 4707 legs-atur,
2477 4631 2705 4691 temen
2753 4623 2866 4687 ille
2914 4639 3134 4683 serane

489 4731 731 4819 nequit
764 4732 1092 4818 intelligi,
1125 4733 1289 4821 quia
1325 4732 1445 4798 illo
1477 4755 1615 4799 non
1655 4730 2044 4799 aedificatio
2078 4731 2301 4803 urhis.
2333 4731 2453 4795 sed
2497 4731 2677 4795 hene
2709 4727 3130 4795 annuntien-
