3550 5367
1226 360 1298 400 m:
1350 360 1710 404 ΜωιἭι-ῑπτῡ
1754 364 1831 404 ET
1879 360 2079 404 rona-121
2127 356 2383 400 maffia
3015 344 3127 400 :353

490 512 762 580 quc-que
814 496 998 556 vates
1038 492 1390 580 pertulerit
1430 500 1494 560 et
1542 516 1851 560 niuei-nra
1883 496 1967 560 sit
1999 492 2287 556 uhi-utus
2335 512 2579 576 magna
2631 492 2692 552 ri
2727 492 3123 580 nxpnnillu·;

486 608 628 664 tum
662 620 822 664 veru
850 596 1066 664 multu
1098 596 1378 664 uberius
1407 624 1610 688 quam
1650 608 1851 664 antea
1879 600 2171 664 rationes-:-
2203 600 2339 684 spei
2375 604 2435 660 et
2459 596 2751 660 iiduniae
2775 620 3123 684 exponun-

486 712 594 768 tur
634 712 698 768 et
734 728 938 792 quan]
978 704 1358 788 benignum
1398 708 1750 772 utinsiliun]
1807 712 1979 772 naus
2027 708 2096 768 in
2151 700 2635 768 afflictionibus
2675 712 3127 792 pras-equatur

482 808 794 896 pluribus
850 812 1198 896 praeclare
1250 812 1526 876 ducetur
1570 820 1726 888 :Mt—‘i
1774 836 1959 900 *5qu
2011 812 2165 876 [lein
2223 808 2623 888 ostenditur,
2671 812 3011 896 qima-..mla
3059 836 3123 876 aa

486 916 734 980 hahere
794 916 1090 980 [labeant
1138 924 1206 980 el:-
1262 940 1398 1004 qua
1450 920 1710 984 ratione
1766 924 1939 984 [teus
2004 920 2087 984 sit
2135 916 2431 984 orandus
2487 924 2555 980 et·
2599 916 3003 1004 plantum[luaa
3055 928 3127 980 nt

486 1024 754 1088 tandem
786 1024 890 1088 sui
926 1024 1158 1112 pupuli
1194 1048 1466 1088 eausam
1510 1036 1778 1092 tueatur
1823 1036 1979 1104 :353ss
2011 1048 2151 1112 seq„
2211 1064 2295 1072 —
2339 1024 2779 1088 {Enutufflrliis
2823 1024 3123 1104 singulu-

482 1152 630 1196 ΓΗΒ]
670 1128 990 1196 nrdinmn
1038 1132 1110 1196 in
1150 1136 1394 1220 quarti]
1418 1132 1722 1200 camnine
1750 1132 2303 1196 reinmarum-fitis
2359 1132 2727 1220 praecipue
2763 1132 2959 1216 eulpa
3003 1156 3123 1220 pun—

478 1236 618 1324 puli
682 1244 790 1312 fan
838 1244 902 1300 et
954 1244 1230 1324 pent-zita
1286 1240 1787 1324 psendniratum
1839 1248 1903 1304 et
1947 1240 2379 1304 aanurtlntum
2431 1244 2587 1316 {513
2639 1260 2779 1324 seq.
2831 1244 2895 1300 rt
2951 1260 3127 1300 vana

478 1344 726 1408 fiducia
762 1344 1346 1432 perstringuntur,
1390 1368 1522 1436 qun
1562 1368 1758 1432 {if-nni
1799 1348 1883 1412 nli
1927 1344 2323 1412 huminibus-3
2367 1344 2833 1432 caxaliffllnrint..
2879 1344 3123 1408 Ultimo

478 1448 754 1512 [leffium
810 1448 950 1516 luen
1022 1452 1322 1516 arcifiniis?
1378 1456 1722 1540 proposita
1795 1452 2075 1516 uberius
2143 1452 2331 1516 {lucet
2403 1448 2751 1536 qunmnrln
2827 1452 2995 1512 Heus
3043 1452 3127 1516 sit.

474 1556 858 1620 exul-andus
890 1556 1094 1620 relius
1126 1560 1362 1644 pupuli
1410 1560 1706 1624 adver-sis
1750 1560 2071 1624 fflhihitia
2091 1564 2155 1622 ct
2183 1559 2383 1644 eulpa
2423 1580 2575 1620 eum
2611 1556 2847 1620 dulnrn
2891 1560 3123 1640 agnita

474 1668 539 1724 ut
586 1684 702 1750 ape
762 1664 834 1724 in
886 1668 1014 1728 [len
1066 1664 1206 1728 solu
1258 1664 1578 1753 reposita-
1637 1704 1722 1712 -ω
1795 1668 1979 1728 Hisce
2027 1664 2227 1728 simul
2275 1668 2467 1753 patet
2535 1684 2747 1728 unum
2807 1664 3119 1751 idemque

474 1774 959 1854 argumentum
989 1790 1112 1858 per
1143 1770 1446 1858 quinque
1477 1771 1646 1837 haec
1678 1773 1905 1860 capita
1927 1771 2060 1837 alio
2084 1775 2151 1836 et
2189 1769 2320 1836 alio
2353 1768 2558 1836 modo
2582 1791 2718 1834 esse
2758 1773 3118 1835 tractatum

469 1874 1016 1965 documentaque
1052 1875 1252 1942 valde
1293 1876 1493 1943 utilia
1533 1883 1599 1944 et
1635 1879 1924 1964 egregia
1965 1900 2101 1943 esse
2149 1877 2439 1956 inserta,
2482 1874 2735 1966 quibus
2771 1875 3117 1964 quomodo

468 1981 886 2048 calamitates
934 1983 1071 2048 sint
1112 1983 1511 2049 subeundae
1554 1990 1620 2050 et
1668 1984 1897 2050 ludaei
1933 1984 2273 2050 docentur
2319 1987 2384 2047 et
2424 1981 2621 2047 nobis
2669 2003 2941 2071 quoque
2969 2004 3116 2048 am-

471 2087 773 2176 plissima
811 2089 967 2177 piae
1006 2088 1572 2155 considerationis
1602 2091 1887 2157 materia
1917 2090 2493 2155 subministratur.

561 2196 958 2260 luremerito
990 2186 1174 2261 enim
1201 2194 1556 2262 Cornelius
1596 2219 1637 2262 a
1666 2195 1918 2285 Lapide
1952 2197 2062 2262 hic
2093 2196 2375 2261 schema
2401 2200 2469 2260 et
2496 2195 2789 2261 formam
2818 2195 3116 2284 proponi

469 2299 637 2367 dicit
677 2302 850 2367 sacri
893 2301 1112 2367 luctus
1157 2307 1222 2368 et
1272 2304 1757 2390 poenitentiae.
1797 2309 2017 2381 Quare
2065 2301 2353 2368 Ecclesia
2406 2323 2682 2390 quoque
2724 2303 2791 2366 in
2833 2300 3119 2387 liturgia

466 2427 699 2473 sacrae
736 2406 1192 2474 hebdomadis
1235 2407 1419 2474 hisce
1454 2412 1670 2476 utitur
1713 2409 2133 2476 carminibus
2158 2460 2173 2488 ,
2220 2417 2296 2474 ut
2330 2429 2529 2473 suum
2562 2407 2895 2495 exprimat
2929 2406 3113 2473 dolo-

467 2534 616 2578 rem
645 2517 711 2578 et
735 2513 999 2580 luctum
1029 2513 1114 2578 de
1153 2535 1406 2600 magno
1439 2515 1559 2581 illo
1586 2516 1864 2582 ultionis
1894 2515 2168 2581 divinae
2199 2514 2458 2580 iudicio
2488 2512 2670 2604 quod
2704 2535 2829 2603 pro
2859 2535 3110 2580 nocen-

468 2618 652 2685 tibus
679 2620 754 2685 in
797 2618 1354 2696 innocentissima
1402 2621 1689 2688 Victima
1729 2627 1830 2688 est
1860 2622 2227 2687 exercitum
2251 2673 2267 2702 ‚
2313 2625 2388 2686 ut
2436 2641 2558 2686 nos
2587 2620 2845 2710 pariter
2872 2619 3115 2686 doceat

461 2730 743 2813 peccata
756 2723 1087 2815 plangere
1105 2732 1172 2792 et
1191 2749 1440 2815 poenas
1461 2727 1756 2793 iustitiae
1784 2727 2057 2794 divinae
2085 2728 2211 2792 rite
2234 2727 2464 2793 subire
2490 2732 2558 2793 et
2578 2749 2810 2793 sensus
2828 2726 3111 2794 induere

466 2852 665 2897 verae
695 2832 1184 2920 poenitentiae.
1232 2832 1482 2899 Eodem
1539 2835 1740 2900 modo
1792 2835 2199 2923 interpretes
2242 2839 2506 2900 veteres
2552 2854 2689 2899 non
2737 2835 3115 2900 omiserunt

465 2936 777 3026 pluribus
815 2938 1054 3005 efferre
1095 2939 1438 3028 quomodo
1469 2962 1646 3028 quae
1675 2946 1862 3007 vates
1892 2939 2172 3023 defleat,
2221 2948 2514 3020 moneat,
2559 2939 2895 3028 increpet,
2925 2939 3112 3004 nullo

464 3042 669 3109 modo
715 3044 897 3110 illius
958 3047 1282 3133 temporis
1356 3044 1863 3112 conditionibus
1926 3046 2429 3127 contineantur,
2488 3067 2728 3110 verum
2787 3045 3111 3110 latissime

462 3154 742 3238 pateant
771 3156 836 3217 et
884 3174 1010 3240 pro
1063 3154 1586 3242 omnitempore
1625 3154 1693 3218 vi
1735 3151 2034 3243 quadam
2068 3175 2145 3218 ac
2191 3157 2525 3241 potestate
2576 3152 2913 3236 singulari
2964 3151 3110 3239 pol-

460 3255 666 3322 leant.
713 3260 1013 3323 Cernunt
1067 3261 1251 3325 enim
1287 3261 1358 3325 in
1396 3259 1760 3327 Ierusalem
1799 3260 2106 3344 effigiem
2156 3265 2222 3324 et
2269 3259 2605 3324 Ecclesiae
2648 3258 3002 3322 militantis
3044 3263 3109 3322 et

460 3362 851 3430 animarum
896 3364 1357 3450 singularum.
1407 3370 1626 3456 Atque
1668 3366 1742 3430 id
1792 3371 1969 3431 recte
2021 3364 2324 3456 quidem.
2374 3370 2446 3431 lu
2508 3363 2870 3431 Ierusalem
2921 3364 3105 3428 enim

462 3468 869 3536 consistebat
893 3477 1087 3536 vetus
1130 3472 1538 3546 theocratia‚
1579 3478 1774 3538 vetus
1815 3464 2110 3557 regnum
2154 3471 2300 3550 Dei3
2338 3493 2552 3561 quare
2581 3470 2757 3536 bene
2792 3475 3109 3535 censetur

461 3574 903 3641 simulacrum
957 3576 1300 3664 quoddam
1362 3578 1561 3663 regni
1607 3578 1721 3643 Dei
1785 3600 1960 3667 quae
2000 3585 2099 3644 est
2137 3577 2461 3656 Ecclesia;
2508 3582 2574 3642 et
2613 3598 2769 3642 cum
2813 3598 3106 3661 regnum

464 3680 579 3746 Dei
627 3679 905 3747 demum
942 3683 1338 3749 hominibus
1381 3685 1857 3765 constituatur,
1901 3706 2024 3772 per
2062 3684 2412 3773 quandam
2453 3683 2845 3770 analogiam
2891 3683 3109 3749 multa

463 3807 643 3875 quae
666 3786 750 3853 de
785 3809 1004 3874 regno
1032 3790 1149 3855 Dei
1188 3790 1422 3856 valent
1451 3791 1680 3857 valent
1706 3814 1828 3857 suo
1858 3789 2059 3857 modo
2097 3791 2181 3856 de
2220 3791 2529 3877 singulis,
2565 3792 2756 3856 Hisce
2794 3789 3103 3859 conside-

461 3893 841 3974 rationibus
879 3894 1211 3961 adhibitis
1257 3905 1546 3963 cernunt
1576 3899 1647 3963 in
1682 3896 2285 3964 lamentationibus
2317 3896 2635 3986 planctus
2675 3895 2760 3962 de
2807 3895 3104 3962 Ecclesia

461 3999 831 4082 militante,
864 4023 1019 4067 cum
1059 4002 1207 4091 ipsa
1235 4002 1322 4068 ob
1352 4009 1629 4091 peccata
1666 4025 1943 4068 suorum
1978 4003 2287 4069 fidelium
2322 4007 2606 4069 vexatur
2644 4026 2686 4069 a
2712 4010 3102 4092 persecuto-

459 4105 688 4188 ribus;
741 4113 1029 4173 cernunt
1057 4109 1130 4174 in
1160 4108 1350 4174 urbis
1382 4110 1754 4175 vastatione
1772 4111 2240 4197 captivitatem
2268 4133 2345 4176 ac
2368 4112 2813 4176 vastationem
2832 4111 3101 4175 animae

459 4234 638 4300 quae
661 4213 741 4279 fit
769 4221 1050 4303 peccato
1081 4215 1378 4282 mortali.

539 4364 628 4422 lta
656 4383 716 4424 v.
749 4384 807 4443 g.
840 4365 1166 4426 Rhabanus
1198 4372 1376 4428 notat
1404 4368 1483 4427 ad
1516 4369 1658 4439 13:
1691 4391 1719 4420 «
1755 4372 1967 4445 potest
1996 4370 2181 4428 locus
2212 4370 2330 4428 iste
2367 4370 2753 4447 generaliter
2777 4370 2856 4429 ad
2888 4371 3100 4430 Eccle-

456 4460 618 4521 siam
655 4463 857 4540 aptari
880 4482 1039 4542 quac
1065 4465 1126 4523 in
1160 4470 1345 4526 nocte
1387 4466 1746 4544 praesentis
1773 4467 1939 4526 vitae
1979 4467 2466 4527 tribulationem
2500 4468 2769 4528 sustinet
2800 4487 3098 4548 persecu-

455 4558 709 4618 tionum
734 4563 798 4619 et
825 4561 1139 4638 gemitum
1171 4561 1277 4621 dat
1313 4562 1446 4622 sine
1478 4563 1913 4623 consolatione
1944 4564 2270 4623 mundana
2300 4588 2329 4620 »
2363 4565 2462 4624 vel
2490 4565 2567 4625 ad
2600 4569 2700 4639 1‚1
2729 4586 2795 4627 2«
2829 4568 3097 4645 mystice

453 4655 782 4734 plangitur
818 4659 1031 4719 anima
1077 4659 1284 4719 fidelis
1324 4659 1602 4720 hominis
1657 4679 1817 4739 quae
1866 4662 2056 4739 plena
2105 4662 2425 4739 quondam
2471 4664 2595 4724 fuit
2642 4666 3098 4726 numerositate

453 4753 767 4815 virtutum
799 4760 863 4815 et
901 4756 1254 4835 imperabat
1285 4757 1554 4818 diversis
1578 4759 1919 4819 affectibus
1948 4759 2287 4820 dominans
2310 4762 2841 4840 concupiscentiis
2864 4763 3092 4836 carniS‚
