3550 5367
708 278 783 365 nte.
807 306 836 374 e,
861 306 957 364 esec

101 444 146 527 'j'-
169 475 180 512 ··
208 423 336 517 ⁵-verhis
352 456 496 516 Christus
511 456 579 533 ipse
591 455 804 533 significatum
818 455 880 514 alia
893 455 989 534 paulo
1002 456 1116 522 inssexa
1136 454 1356 532 interpretatio
1379 458 1484 532 potest
1499 454 1550 512 illi

16 619 48 640 ,Ἰ
101 533 153 630 ἐξ.)
175 535 181 572 “·
199 571 209 578 “’
229 553 356 614 decreto
367 554 470 614 lacere
482 554 570 613 satis.
589 553 669 614 Sane
684 552 814 614 difficile
828 558 876 612 est
889 570 961 612 eam
975 554 1104 614 Patrum
1117 553 1412 631 interpretationem
1429 569 1549 612 secun·

12 643 36 718 ἵζ’
57 635 164 744 §effus
199 654 210 671 ¹‘
228 652 305 713 dum
330 657 450 712 textum
474 652 564 711 hebr.
589 652 670 711 tueri
689 676 715 710 ».
740 653 841 727 Atque
858 651 953 710 etiam
969 649 1081 727 Gerlap
1101 651 1238 711 advertit
1257 669 1289 728 p.
1305 652 1363 710 479
1384 668 1390 707 ;
1410 672 1424 703 «
1442 650 1548 708 forma

168 737 173 746 ’
195 805 196 808 ,
227 750 280 811 hic
301 750 444 810 adhibita
467 750 624 809 abstracta
640 755 688 808 est
709 749 794 808 etde
817 747 1038 808 rehcssanctis
1054 736 1236 821 adhibetur;
1262 748 1333 808 ideo
1352 747 1548 807 vertendum

12 850 23 880 ³
37 829 160 934 [hilis
202 871 207 877 ’
228 842 419 908 dstsanctam
430 854 602 908 sanctorum
613 850 727 907 neutro
737 864 853 924 genere
867 851 899 906 et
911 847 1040 924 quidem
1051 847 1173 924 absque
1184 845 1356 906 subaudito
1365 845 1498 905 articulo
1515 868 1546 902 ».

338 1069 370 1135 cl)
389 1074 533 1136 Tempus
551 1072 700 1124 Moesiae
720 1038 858 1135 atrisque
876 1071 994 1122 mortis
1015 1071 1260 1125 determinatur
1278 1071 1428 1135 e,25-2e.

66 1249 124 1336 “1³⁷³
194 1251 198 1325 s
268 1270 305 1331 ln
316 1288 349 1330 v.
365 1269 407 1330 22
421 1263 549 1330 dictum
563 1269 635 1330 erat
647 1269 789 1329 statutas
802 1286 872 1330 esse
882 1263 1117 1331 hebdomadas
1126 1286 1298 1347 vannorum
1309 1265 1543 1353 septuaginta,

9 1453 12 1462 .
33 1350 98 1463 215⁷
113 1360 142 1445 ,s
223 1377 262 1436 ut
275 1375 363 1437 Deus
377 1370 470 1436 hona
482 1371 650 1436 messiane
664 1370 845 1455 largiatur.
861 1375 958 1436 Nunc
971 1372 1162 1437 accuratius
1172 1370 1419 1437 determinatur
1428 1371 1548 1459 primo

9 1463 120 1550 '3ng
223 1501 244 1542 a
267 1500 335 1566 quo
354 1477 499 1542 termino
519 1476 603 1542 istae
623 1475 860 1543 hebdomadae
882 1499 1053 1543 annorum
1071 1477 1325 1567 'computandae
1350 1478 1433 1559 sint,
1459 1476 1541 1542 dein

222 1573 385 1673 quidper
403 1582 638 1649 hebdomadas
652 1590 781 1671 septem
802 1588 835 1649 et
853 1589 929 1672 post
943 1583 1180 1650 hebdomadas
1194 1590 1237 1650 62
1253 1584 1405 1649 futurum
1420 1584 1472 1648 sit.
1488 1588 1543 1650 lta

22 1743 97 1782 Β
167 1721 171 1737 ·
222 1712 255 1755 ν.
277 1696 318 1757 25
343 1717 359 1749 «
379 1690 470 1756 Scito
486 1706 564 1778 erpo
582 1701 614 1754 et
627 1688 860 1754 animadverte
878 1688 945 1754 :ab
965 1689 1058 1755 esitii
1074 1691 1236 1756 sermonis
1255 1702 1293 1755 at
1307 1691 1428 1756 iterum
1444 1688 1541 1755 aedi-

17 1779 95 1892 ””’·
109 1788 119 1842 ’ἵ
219 1797 342 1884 ficetur
365 1794 548 1861 Ierusalem
570 1817 676 1889 usque
699 1793 748 1859 ad
769 1794 940 1862 Christum
962 1794 1083 1861 (lacem
1107 1792 1332 1862 hebdomades
1359 1808 1484 1884 septem
1507 1808 1547 1861 et

118 1893 123 1979 s
170 1969 173 1976 ,
198 1891 447 1971 'hebdomades
467 1902 645 1990 seaaqinta
668 1900 757 1967 ditae
776 1913 891 1984 erunt,
909 1914 1090 1967 etecusam
1111 1901 1350 1991 aedificabitur
1367 1901 1488 1991 platea
1507 1917 1542 1968 et

9 2047 10 2054 .
136 2086 138 2093 .
220 2009 360 2074 intirim
374 2008 535 2097 crepustia
550 2020 761 2098 temporum·
776 2032 809 2074 v.
831 2014 873 2074 26
889 2020 1010 2097 etpost
1025 2007 1254 2075 hebdomadas
1266 2009 1441 2098 sesapinta
1454 2008 1543 2075 ditas

220 2114 390 2181 occidetur
406 2115 558 2183 Christus
580 2128 612 2180 et
631 2137 698 2180 rien
718 2115 781 2180 erit
800 2114 872 2180 eius
892 2114 1055 2203 (populus
1077 2111 1140 2202 qai
1159 2137 1236 2182 eum
1254 2128 1444 2204 hepaticus
1459 2115 1543 2203 est);.

9 2293 14 2301 ,
66 2290 68 2292 ,
184 2301 191 2316 1
220 2222 441 2288 etcicitatem
457 2233 489 2286 et
512 2221 748 2287 sanctuarium
771 2219 949 2309 dissipabit
964 2221 1119 2311 populas
1140 2244 1218 2288 cum
1240 2221 1326 2288 dirce
1344 2232 1485 2288 venturo
1507 2221 1544 2287 et

9 2312 56 2424 'ii
68 2313 108 2382 ²:3
216 2328 297 2416 finis
312 2329 384 2394 eius
401 2328 538 2394 vastitas
550 2337 671 2417 etpost
685 2328 791 2414 finem
812 2326 894 2393 belli
904 2339 1031 2393 statuta
1055 2327 1217 2394 desolatio
1233 2350 1267 2410 »;
1289 2367 1333 2377 —
1352 2326 1458 2394 verba
1477 2349 1545 2417 po-

20 2416 37 2437 “’
59 2413 71 2427 .
215 2435 322 2523 palm
339 2433 400 2523 qui
416 2456 494 2501 eam
510 2447 695 2521 hepaticus
710 2447 841 2500 estnon
860 2434 1032 2522 pertinent
1047 2434 1090 2500 ad
1105 2435 1295 2501 versionem
1310 2437 1346 2503 S.
1369 2435 1463 2501 Hier.
1488 2435 1540 2499 uti

16 2621 42 2641 γ
72 2630 74 2632 ‚
220 2540 396 2625 colligitur
418 2564 457 2605 ex
480 2546 514 2607 S.
534 2540 722 2625 Augustino
743 2542 803 2631 qui
827 2541 924 2629 epist.
951 2548 1013 2607 199
1033 2564 1068 2608 n.
1096 2547 1136 2607 21
1159 2543 1277 2607 asserit
1298 2541 1405 2607 solum
1421 2540 1489 2627 legi
1506 2555 1541 2606 et

24 2693 120 2714 >
219 2647 368 2712 uerterit
390 2646 461 2711 eliis
482 2646 517 2711 in
536 2646 705 2728 hebrom,
724 2667 791 2735 quo
812 2646 975 2735 loquendi
987 2646 1090 2712 modo
1105 2647 1297 2714 versionem
1319 2651 1344 2714 S
1349 2672 1367 2712 .’
1380 2648 1474 2714 Hier.
1498 2671 1540 2713 ex

16 2757 22 2774 '
220 2752 370 2822 hebraeo
385 2754 511 2819 laetam
523 2752 692 2838 designat.
709 2753 907 2819 Continetur
919 2755 1035 2842 itaque
1050 2754 1087 2818 in
1101 2755 1536 2843 illisinterpretamentum.

12 2884 76 2958 α’
113 2913 117 2918 .
148 2867 153 2881 ·
218 2859 358 2945 Legitur
373 2860 408 2925 in
424 2883 457 2926 v.
476 2865 518 2924 25
541 2848 646 2954 :triph
665 2861 689 2926 i.
707 2882 737 2925 e.
762 2859 875 2949 hiphil
891 2861 987 2927 verbi
1002 2882 1106 2949 quam
1120 2861 1267 2926 sormam
1286 2861 1389 2926 etiam
1406 2864 1484 2926 Lxx
1505 2869 1540 2926 et

9 2991 71 3026 '⁴
119 3039 120 3044 .
220 2992 484 3059 Theodotionem
510 2992 631 3080 legisse
661 2993 815 3059 versione
838 3015 957 3060 eorum
978 2989 1177 3079 ἀποκριθῆναι
1193 2993 1400 3075 ostenditur;
1431 3017 1539 3083 quare

218 3100 409 3165 accuratius
431 3099 617 3189 explicabis
639 3121 647 3166 ε
667 3099 711 3165 ab
731 3101 822 3165 exitu
846 3101 1013 3167 sermonis
1035 3100 1079 3167 ad
1095 3098 1349 3166 'restituendam
1376 3101 1426 3188 (in
1449 3101 1542 3166 inte-

218 3205 334 3292 grum)
354 3213 386 3271 et
401 3205 651 3273 aedificandam
671 3206 811 3288 urbem;
835 3208 974 3272 notione
997 3207 1089 3273 enim
1105 3208 1228 3273 iterum
1247 3228 1314 3302 non
1330 3206 1458 3296 hiphil,
1477 3207 1540 3274 sed

219 3311 275 3399 qal
290 3315 372 3401 poni
388 3312 486 3392 solet;
503 3312 538 3378 id
553 3313 645 3401 quod
661 3312 840 3379 Meiuliold
850 3313 1014 3398 neglexit.

265 3418 379 3483 Verbis
394 3431 426 3484 et
440 3420 522 3484 scies
536 3431 568 3484 et
586 3418 752 3508 intellipes
769 3419 899 3508 (hebr.)
920 3442 988 3485 non
1002 3441 1130 3487 novum
1146 3419 1320 3486 inducitur
1339 3420 1534 3500 oraculum,

220 3531 257 3590 ut
275 3524 385 3613 aliqui
406 3527 655 3605 comederunt,
674 3525 734 3590 sed
749 3526 870 3613 quanti
889 3526 1054 3590 momenti
1068 3547 1122 3591 res
1141 3526 1182 3591 sit
1202 3525 1374 3591 indicatur
1393 3532 1426 3590 et
1442 3534 1539 3591 vates

219 3630 434 3712 admonetur,
459 3636 496 3697 ut
516 3631 561 3697 ad
580 3632 778 3697 ulteriorem
804 3631 1063 3720 explicationem
1084 3631 1215 3698 oraculi
1231 3633 1266 3697 in
1285 3655 1317 3698 v.
1343 3637 1385 3697 “lb
1408 3632 1536 3720 incepti

220 3738 375 3803 animum
391 3737 555 3804 advertat.
582 3737 618 3803 ld
639 3739 730 3803 enim
752 3760 791 3803 eo
815 3738 1079 3832 iamgindicatur
1099 3737 1190 3826 quod
1213 3746 1256 3804 70
1278 3736 1537 3803 hebdomadum

220 3850 354 3933 tempus
370 3845 407 3910 in
420 3850 528 3911 certas
542 3844 707 3933 quasdam
727 3851 841 3934 partes
853 3843 1021 3910 dividitur
1038 3866 1045 3911 :
1065 3844 1170 3911 hebd.
1187 3853 1206 3910 7
1226 3850 1259 3911 et
1273 3844 1376 3911 hebd.
1396 3851 1437 3910 62
1453 3850 1486 3909 ct
1499 3844 1545 3910 in⁴

219 3974 252 4017 v.
280 3959 321 4016 27
345 3951 448 4019 hebd.
475 3958 505 4017 1.
532 3951 885 4017 Proindesententiae
904 3950 1104 4018 subiunctas
1124 3957 1215 4018 arcte
1234 3950 1278 4017 ad
1293 3974 1326 4017 v.
1351 3958 1391 4018 ht
1408 3950 1536 4017 adnee-
1592 3959 1596 3965 '

219 4063 353 4139 tuntur;
371 4057 515 4144 angelus
534 4080 573 4124 ex
592 4080 625 4124 v.
648 4063 691 4123 22
708 4057 829 4123 missus
846 4062 896 4123 est
914 4064 951 4123 ut
973 4058 1233 4143 intelligentiam
1257 4058 1326 4124 vati
1348 4057 1535 4138 tribueret;

219 4186 324 4251 qrrare
341 4164 453 4231 verbis
467 4165 538 4231 istis
549 4186 618 4230 non
638 4185 767 4230 novum
783 4163 968 4229 introducit
983 4165 1179 4245 oraculum,
1196 4163 1332 4229 sedeur
1352 4165 1473 4229 missus
1493 4164 1538 4229 sit

220 4267 330 4334 denuo
349 4272 488 4359 exponit
502 4277 535 4337 et
549 4275 587 4336 ut
605 4271 819 4359 propositum
836 4275 1038 4358 assequatur
1057 4270 1278 4336 attentionem
1296 4270 1382 4336 vatis
1396 4270 1533 4336 excitat.

263 4379 301 4441 Ut
321 4377 354 4440 in
370 4382 465 4443 tanta
485 4376 732 4443 sententiarum
748 4378 911 4442 varietate
929 4398 1016 4464 quae
1037 4374 1079 4441 de
1099 4376 1163 4442 hoc
1182 4375 1322 4441 oraculo
1341 4376 1535 4465 propositae

219 4489 296 4548 sunt
318 4482 401 4571 quid
420 4488 512 4550 certo
529 4482 717 4549 tenendum
738 4483 780 4548 sit
804 4482 904 4548 certis
925 4480 1060 4547 indiciis
1076 4481 1391 4571 deprehendamus,
1408 4483 1473 4556 tria
1489 4481 1537 4547 oh

219 4590 333 4656 oculos
352 4589 513 4655 habenda
528 4596 604 4656 sunt
626 4591 803 4679 :primum
825 4595 873 4654 est
896 4588 988 4676 quod
1008 4589 1126 4654 iamin
1143 4613 1175 4655 v.
1202 4595 1243 4655 2¹4
1260 4587 1444 4677 probatum
1464 4594 1532 4669 est,

219 4698 275 4785 agi
293 4707 434 4786 propter
447 4696 540 4761 hona
554 4696 613 4761 illa
630 4696 793 4785 promissa
808 4700 841 4761 et
854 4699 996 4784 propter
1013 4697 1263 4784 prophetarum
1285 4695 1430 4761 aliorum
1454 4715 1539 4760 ora-
