3550 5367
1544 339 1692 395 [lm.
1752 339 1801 403 Ι,
1849 339 1881 395 7
2957 339 3021 395 ΤΙ

404 487 904 551 Relit-sar-usur
936 491 980 551 i.
1008 511 1068 551 e.
1096 487 1264 551 ‘uelit
1288 507 1517 571 ruge-[n
1551 491 1873 575 prot-ege:
1909 507 2125 571 nuque
2153 483 2369 551 obstat
2405 491 2549 563 251,
2577 507 2729 551 cum
2765 475 2889 547 Πέκ
2929 487 3025 551 rel

400 595 780 679 generatim
816 595 896 659 [le
928 595 1212 659 numine
1248 595 1380 659 ilici
1412 595 1620 679 prise-iil
1664 591 1768 655 vel
1809 591 2006 655 atiani
2053 591 2137 655 ali
2181 591 2453 655 hmnine
2493 591 2729 675 gentili
2777 615 3025 675 gauri-r

400 703 740 763 cummuni
768 699 1080 763 adhiberi
1108 699 1332 787 pussil.
1367 703 1460 763 lla
1492 707 1712 763 censui.
1744 699 2205 763 Smffisnms're:
2241 699 2405 763 Helii
2441 695 2545 763 rel
2573 699 2741 763 [tilam
2781 719 3025 763 nomen

400 815 496 871 νει
540 807 764 871 uxoris
792 807 932 883 fian
980 807 1092 871 secl
1144 807 1316 871 aliae
1364 827 1636 895 quaque
1680 803 1845 871 dem:
1897 827 1973 871 cu
2021 803 2297 867 amitina
2345 803 2749 891 quaudoque.
2793 807 3029 893 appel-

404 915 628 979 lanim-
664 915 772 999 [ef.
816 915 1012 991 Tirlej
1040 915 1080 979 1,
1124 935 1176 979 c.
1216 935 1284 999 p.
1328 915 1508 999 azffijj.
1540 911 1913 995 :thilen-agi]
1937 911 2477 999 probabilissime
2513 911 2757 975 [fiendi]
2781 911 3029 975 scriba-

404 1043 552 1083 rum
584 1019 984 1107 legitur-pri]
1016 1019 1384 1085 Abda-nebi]
1428 1023 1468 1083 i.
1508 1043 1568 1083 r..
1608 1043 1704 1087 ··.::
1740 1043 1861 1095 *rr-5:
1893 1043 2121 1083 servus.
2165 1019 2373 1091 Nalm:
2413 1019 2477 1083 iti
2513 1039 2757 1083 munau.
2797 1039 3033 1083 ferora.

400 1127 716 1191 exstitisse.
740 1127 1104 1215 [armatum
1128 1131 1224 1191 est
1256 1127 1692 1211 inseripliune
1720 1127 1953 1211 aliqua
1977 1123 2313 1211 aiz-syriaca
2345 1123 2621 1187 iuventa
2645 1125 2753 1211 fgef.
2789 1123 3033 1191 ,Εσὴνεε-

400 1231 547 1311 εἶεν,
584 1231 1131 1298 Keilinschril'ten
1184 1255 1249 1297 u.
1288 1231 1354 1297 d.
1399 1239 1475 1297 A.
1524 1235 1594 1297 T.
1644 1231 1731 1296 ad
1776 1231 1847 1296 h.
1893 1231 1997 1318 1.).
2036 1231 2222 1295 Idem
2267 1251 2517 1294 numen
2569 1251 2705 1295 esse
2752 1231 3037 1317 babylo-

400 1338 594 1403 nium
623 1359 894 1426 quoque
923 1338 1165 1425 nequit
1196 1338 1266 1402 in
1296 1336 1585 1404 dubium
1620 1336 1889 1414 vocari;
1936 1358 2095 1402 nam
2127 1336 2407 1402 nomina
2435 1357 2591 1400 cum
2633 1333 2820 1401 abad
2848 1358 3034 1402 com-

401 1444 619 1532 posita
646 1444 831 1534 apud
864 1443 1273 1531 Babylonios
1302 1444 1582 1509 inventa
1612 1448 1766 1509 sunt
1786 1494 1799 1521 ‚
1836 1441 2019 1508 Nebo
2049 1450 2276 1508 autern
2303 1441 2411 1506 vel
2451 1441 2644 1507 Nabu
2683 1464 2860 1508 unus
2888 1429 3035 1508 erat

402 1572 479 1617 ex
510 1550 895 1639 praecipuis
924 1549 1453 1637 Babyloniorum
1488 1549 1650 1630 diis,
1694 1550 1814 1637 qui
1852 1549 2182 1637 templum
2222 1547 2744 1613 celeberrimum
2793 1548 3034 1615 habuit

404 1657 765 1746 Borsippae
806 1661 872 1722 et
899 1662 1316 1745 quantopere
1347 1656 1419 1721 in
1455 1658 1894 1722 veneratione
1929 1654 2165 1738 suerit,
2211 1654 2443 1721 multis
2475 1653 2608 1720 illis
2655 1654 3037 1721 ostenditur

400 1761 796 1829 nominibus
824 1785 864 1828 a
893 1762 1086 1828 Nabu
1109 1762 1599 1851 incipientibus
1627 1784 1691 1827 v.
1728 1783 1799 1847 g.
1834 1760 2352 1850 Nabopolassar,
2389 1760 3029 1836 Nabuchodonosor,

401 1868 852 1935 Nabuzardan
891 1874 1017 1936 etc.
1053 1868 1164 1957 (cf.
1205 1869 1405 1949 Tiele,
1437 1868 1485 1933 l.
1524 1892 1580 1935 c.
1626 1875 1783 1935 532.
1815 1873 2147 1949 636-6373
2191 1866 2348 1933 vide
2379 1889 2653 1956 quoque
2689 1866 2776 1933 ad
2809 1872 2887 1933 ls.
2923 1875 3029 1948 46,

407 1975 498 2064 1).
534 1978 676 2042 Duo
709 1975 974 2065 reliqua
1000 1976 1278 2041 nomina
1306 1974 1611 2041 nondum
1645 1974 1742 2041 ita
1779 1975 2114 2065 explicata
2142 1979 2324 2053 sunt,
2367 1979 2442 2038 ut
2478 1974 2744 2040 animus
2791 1975 2861 2040 in
2901 1997 3037 2040 una

402 2068 482 2148 eit
528 2082 992 2171 compluribus
1032 2082 1589 2171 explicationibus
1626 2103 1804 2171 quae
1841 2068 2224 2170 propositae
2273 2087 2429 2145 sunt
2466 2080 2669 2169 plane
2712 2081 3035 2170 conquie-

403 2196 577 2267 scat;
614 2189 899 2255 fortasse
939 2188 1322 2255 scribarum
1360 2189 1526 2253 vitio
1556 2188 1840 2254 nomina
1883 2187 1998 2253 illa
2047 2187 2417 2277 peregrina
2453 2207 2590 2251 non
2629 2187 2758 2253 rite
2801 2185 2887 2252 ad
2917 2209 3037 2252 nos

402 2301 882 2384 pervenerunt.
917 2299 1133 2372 Quare
1165 2318 1307 2361 non
1335 2317 1503 2384 opus
1543 2296 1669 2360 erit
1704 2294 1914 2360 variis
1953 2293 2307 2360 immorari
2351 2294 2773 2358 coniecturis,
2809 2294 3035 2359 Solum

404 2401 582 2467 addo
610 2402 832 2469 iudice
871 2404 1289 2468 Leuat-mant
1313 2422 1565 2467 nomen
1595 2401 1960 2490 praepositi
1994 2400 2467 2467 eunuchorum
2497 2400 2848 2488 Asphenez
2878 2401 3039 2465 satis

404 2538 595 2605 posse
624 2516 986 2606 explicari3
1022 2539 1176 2584 cum
1215 2518 1394 2583 enim
1435 2516 1623 2605 apud
1669 2520 1825 2582 LXX
1863 2516 2141 2602 legatur
2183 2502 2508 2602 Ἀἕιεσδρί
2546 2521 2771 2582 censet
2806 2517 2879 2581 in
2918 2537 3039 2581 no-

402 2623 583 2689 mine
631 2622 818 2711 apud
867 2623 1206 2690 Hebraeos
1254 2631 1518 2689 servato
1568 2622 1795 2689 deesse
1836 2646 1872 2687 7·
1908 2621 2144 2703 finale,
2198 2622 2293 2688 ita
2344 2627 2421 2688 ut
2465 2643 2716 2687 nomen
2759 2624 3035 2712 proprie

401 2714 953 2796 scribendum-sit
970 2730 1441 2819 Aschpenazar
1473 2728 1580 2794 vel
1617 2729 2113 2808 Aschbenazar,
2148 2750 2357 2817 quam
2387 2735 2613 2796 censet
2654 2752 2791 2794 esse
2823 2735 3037 2795 trans-

404 2837 846 2926 scriptionem
886 2836 1282 2902 hebraicam
1312 2858 1437 2924 pro
1476 2836 1958 2902 Assa-ibni-zir
1982 2836 2027 2903 i.
2068 2857 2129 2901 e.
2165 2834 2441 2902 domina
2472 2835 2540 2923 (i.
2580 2858 2640 2902 e.
2677 2835 2866 2922 (star)
2904 2835 3039 2900 for-

399 2943 612 3010 mavit
650 2964 935 3027 germen
968 2942 1433 3031 (Lenormant,
1463 2942 1533 3008 la
1571 2942 1947 3008 divination
1985 2942 2148 3007 chez
2177 2940 2275 3007 les
2315 2940 2721 3019 ChaldeenS,
2762 2964 2829 3029 p.
2874 2947 3032 3016 1823

401 3051 487 3118 cf.
536 3050 948 3139 Vz’qourouoe‚
1002 3049 1071 3115 la
1116 3048 1303 3115 Bible
1345 3054 1410 3114 et
1450 3048 1546 3114 les
1589 3048 1737 3114 dec.
1775 3048 1959 3113 mod.
2012 3055 2049 3115 3
2096 3048 2202 3113 ed.
2254 3051 2335 3113 IV
2373 3071 2440 3136 p.
2491 3050 2665 3133 396).
2704 3047 3034 3112 Delz‘czsclz

399 3152 631 3223 autem
672 3155 834 3244 quid
879 3156 1008 3221 hoc
1041 3177 1289 3221 nomen
1325 3154 1664 3240 significet
1700 3154 1774 3221 in
1819 3153 2046 3220 medio
2094 3153 2419 3241 relinquit
2448 3153 2675 3241 (Baer,
2714 3152 2872 3219 libri
2911 3156 3037 3218 Da-

400 3264 649 3330 nielis„
685 3267 847 3329 text.
879 3284 1048 3329 mas,
1081 3286 1149 3351 p.
1180 3263 1308 3350 IX).
2957 3271 2968 3281 ‘

482 3490 549 3548 In
583 3487 908 3565 periodico
938 3504 951 3545 ε
983 3484 1348 3545 zeitschrift
1382 3485 1484 3544 fiir
1524 3483 1955 3561 Assyriologie
1996 3484 2159 3543 hanc
2189 3483 2488 3561 proponit
2525 3482 2759 3542 Kohler
2787 3481 3038 3543 coniec-

403 3590 615 3646 turam
646 3603 660 3644 :
691 3598 863 3671 ’sim
897 3583 1159 3643 Marduk
1179 3631 1193 3657 ‚
1224 3597 1382 3669 Ἴτην
1424 3580 1805 3642 Scheschak.
1838 3582 1958 3641 Sed
1989 3598 2134 3641 cum
2166 3598 2395 3640 nomen
2430 3578 2786 3640 Scheschak
2815 3580 3038 3640 eadem

401 3682 789 3744 obscuritate
816 3682 1087 3754 laboret,
1123 3698 1352 3759 parum
1384 3680 1698 3741 iuvamur.
1735 3682 1805 3739 ln
1836 3680 2022 3757 longa
2055 3678 2164 3739 illa
2196 3678 2673 3739 enumeratione
2706 3678 3038 3738 nominum

403 3782 756 3841 scribarum
778 3783 840 3839 et
865 3779 1124 3838 testium
1147 3795 1341 3854 quam
1368 3778 1626 3839 exhibet
1654 3779 2063 3847 Strassmaz'er,
2089 3776 2467 3836 lnschriften
2501 3793 2622 3835 von
2648 3773 3033 3845 NaboniduS‚

404 3879 679 3956 Leipzig,
715 3878 891 3948 1889,
927 3896 990 3955 p.
1026 3878 1235 3948 zio-68,
1269 3894 1502 3936 nomen
1548 3874 1851 3936 Marduka
1888 3874 2146 3952 saepius
2189 3874 2453 3951 legitur:
2485 3874 2649 3932 unde
2681 3871 2857 3949 prior
2887 3888 3037 3929 con-

405 3981 650 4036 iectura
678 3992 802 4035 non
835 3980 1006 4035 caret
1036 3974 1506 4052 probabilitate.
1544 3974 1840 4033 Ceterum
1869 3991 1942 4032 ex
1982 3990 2055 4032 eo
2096 3971 2265 4049 quod
2294 3970 2554 4031 nomina
2594 3970 2749 4030 haec
2776 3968 2901 4029 duo
2930 3986 3037 4028 ex-

405 4072 623 4151 plicari
650 4076 820 4133 certo
848 4072 1133 4132 nondum
1162 4077 1458 4149 possunt,
1488 4070 1649 4130 nihil
1681 4069 1896 4148 colligi
1928 4074 2137 4147 potest
2167 4074 2388 4129 contra
2419 4069 2511 4127 rei
2548 4071 2837 4126 narratae
2870 4066 3042 4125 veri-

405 4175 619 4230 tatem.
656 4172 813 4229 Nam
841 4174 997 4247 quot
1031 4173 1371 4229 occurrunt
1403 4169 1567 4228 inter
1597 4168 1859 4226 nomina
1890 4167 1998 4226 illa
2027 4168 2137 4226 271
2172 4167 2518 4226 scribarum
2549 4169 2611 4224 et
2637 4165 2755 4223 848
2784 4164 3043 4223 testium

363 4290 367 4303 ·
406 4285 566 4346 quae
599 4285 636 4328 a
662 4267 1061 4328 Strass'maier
1086 4269 1520 4356 recensentur,
1557 4283 1722 4343 quae
1759 4283 1914 4324 num
1955 4266 2107 4325 satis
2152 4264 2398 4341 possint
2434 4262 2747 4322 declarari
2780 4261 3042 4321 omnino

406 4366 696 4427 dubitare
738 4366 932 4426 licet?
967 4367 1045 4425 Et
1078 4380 1268 4442 quam
1304 4364 1476 4423 varia
1513 4363 1842 4423 efformata
1876 4362 2006 4422 sint
2047 4363 2308 4422 nomina
2349 4360 2526 4420 hisce
2568 4359 2786 4438 paucis
2826 4359 3042 4436 accipe

406 4464 715 4542 exemplis
748 4479 792 4523 ,τ
838 4464 1025 4541 Apla,
1087 4463 1358 4532 Bazuza‚
1413 4460 1671 4521 Bullutu
1694 4504 1707 4526 ‚
1766 4463 2129 4537 Dummuqu
2160 4506 2175 4532 ‚
2234 4459 2432 4535 lkisa,
2495 4460 2726 4529 Kalba,
2785 4457 3039 4526 Labasi,

410 4564 697 4635 Muranu,
733 4561 968 4632 Nadin,
1002 4560 1293 4637 Niqudu,
1321 4560 1564 4630 Rimut‚
1589 4558 1873 4630 Saduna‚
1920 4557 2186 4617 Sulumu
2206 4605 2220 4630 ,
2245 4558 2443 4629 Ziria,
2471 4557 2616 4617 Sadi
2642 4603 2656 4629 ,
2682 4556 2909 4632 Signa,
2934 4554 3047 4615 Su-

408 4660 607 4731 zubu‚
648 4664 793 4732 etc,
834 4665 979 4733 etc.;
1022 4658 1086 4718 in
1113 4658 1374 4717 nomine
1407 4658 1716 4717 Siriktum
1747 4655 1990 4715 similes
2024 4654 2464 4733 deprehendes
2495 4655 2919 4715 consonantes
2950 4655 3045 4711 at-

413 4776 538 4836 que
579 4760 640 4819 in
679 4756 964 4819 Sidrach.
997 4756 1166 4827 Quae
1214 4756 1472 4815 nomina
1501 4755 1553 4814 si
1588 4754 1967 4826 contuleriS‚
2002 4756 2170 4814 certe
2204 4771 2329 4815 non
2374 4754 2636 4832 negabis
2685 4748 2952 4811 Sidrach
2983 4751 3045 4809 et
