3550 5367
506 331 615 391 136
1628 332 1779 392 DAN.
1828 334 1886 403 3,
1933 335 2010 392 98

501 484 662 573 quia
685 506 919 556 revera
947 484 1213 548 somnio
1244 482 1543 570 quodam
1573 482 1973 572 prophetico
2001 483 2143 571 ipse
2175 502 2367 547 suam
2398 485 2648 546 sortem
2671 478 2800 545 sibi
2828 478 3120 546 indicari

500 590 828 657 divinitus
852 595 1163 679 expertus
1193 595 1322 669 est3
1356 594 1710 680 praeterea
1744 589 2025 655 morbus
2052 589 2147 654 ita
2176 586 2564 678 praedictus
2604 591 2671 651 et
2699 585 2982 652 coelitus
3023 586 3132 650 in·-

501 699 720 764 ssictus
747 703 977 787 postea
1007 696 1094 762 ab
1130 695 1600 762 adulatoribus
1631 695 1737 763 vel
1764 694 1853 761 ab
1882 695 1964 760 iis
2002 694 2121 782 qui
2160 694 2390 760 omnia
2426 695 2498 759 in
2528 691 2803 758 laudem
2838 692 3019 778 regis
3061 698 3128 757 et.

499 826 659 870 suae
697 803 917 890 gentis
951 809 1215 869 vertere
1251 800 1666 888 gestiebant,
1700 807 2054 890 tamquam
2084 801 2353 866 afflatus
2380 799 2658 888 quidem
2686 798 2960 864 divinus
2991 821 3128 888 quo

500 934 614 977 rex
654 916 823 977 esset
846 916 1196 998 correptus
1219 910 1716 999 repraesentari
1754 908 1995 997 potuit.
2041 907 2347 973 Alterum
2390 905 2576 994 quod
2616 906 2685 970 in
2723 905 2853 972 ista
2890 905 3123 971 fabula

498 1017 841 1103 singulare
866 1022 999 1097 est,
1030 1017 1099 1081 in
1134 1038 1213 1083 eo
1240 1015 1539 1082 consistit
1560 1013 1740 1104 quod
1771 1012 2162 1080 adversario
2188 1012 2291 1078 illi
2321 1017 2387 1078 et
2411 1013 2590 1079 hosti
2615 1017 2904 1078 venturo
2933 1035 3129 1102 prae-

498 1124 633 1190 cise
657 1124 846 1190 illam
871 1123 1287 1212 imprecatur
1312 1129 1602 1210 poenam
1620 1129 1835 1210 ‘quam
1863 1122 2006 1209 ipse
2030 1119 2264 1186 subiit.
2297 1120 2467 1184 Num
2499 1118 2777 1184 fortuito
2807 1120 3126 1206 mythum

498 1231 683 1296 hunc
704 1212 1180 1315 ‘excogitatum
1229 1251 1368 1295 esse
1421 1226 1775 1294 dicemus?
1813 1232 2047 1293 Nonne
2087 1227 2371 1315 propius
2410 1223 2675 1291 adiacet
2713 1225 2984 1291 subesse
3026 1226 3121 1291 ibi

502 1337 603 1402 rei
640 1335 805 1401 olim
853 1336 1071 1401 factae
1111 1335 1555 1417 memoriam,
1590 1354 1831 1400 verum
1870 1333 1943 1398 id
1981 1331 2166 1422 quod
2202 1331 2276 1397 in
2311 1331 2588 1421 proprio
2629 1352 2791 1417 rege
2827 1332 3125 1416 ignomi-

502 1444 765 1509 niosum
806 1441 1168 1508 videbatur
1193 1442 1292 1507 ita
1312 1462 1452 1506 esse
1479 1441 1758 1506 demum
1786 1443 2309 1506 transmutatum
2329 1492 2343 1520 ,
2373 1444 2446 1504 ut
2485 1461 2602 1504 rex
2627 1438 2698 1504 id
2722 1439 3129 1528 imprecare-

502 1565 614 1625 tur
671 1558 1096 1625 adversario‘?
1132 1559 1353 1623 Tertio
1414 1556 1707 1645 denique
1759 1555 2137 1624 notandum
2186 1559 2285 1622 est
2334 1554 2469 1622 dici
2504 1559 2879 1642 παραχρῆμα
2911 1550 3128 1642 ἠφάνι-

500 1696 606 1736 στο
630 1696 646 1736 :
667 1679 947 1764 repente
961 1673 1294 1763 disparuit
1314 1695 1329 1755 ;
1345 1671 1418 1738 id
1439 1671 1625 1762 quod
1641 1694 1799 1738 cum
1817 1695 1930 1738 rex
1945 1673 2244 1739 amentia
2259 1671 2377 1737 illa
2397 1670 2622 1737 subito
2642 1670 3122 1760 corriperetur,

499 1780 786 1847 subditis
802 1781 937 1847 suis
954 1787 1141 1847 extra
1156 1780 1383 1846 aulam
1406 1781 1670 1865 regiam
1693 1778 2102 1865 degentibus
2118 1780 2213 1844 ita
2228 1777 2449 1844 videri
2468 1777 2846 1844 necessario
2862 1776 3119 1843 debuit..

500 1891 634 1954 Hoc
659 1888 896 1954 saltem
923 1909 1180 1977 aequus
1201 1908 1428 1953 rerum
1460 1887 1879 1952 existimator
1906 1884 2228 1952 concedet
2252 1884 2641 1951 narratione
2665 1885 2953 1950 Danielis
2973 1907 3130 1974 sup-

499 1995 723 2084 posita
759 1992 925 2084 quid
953 1994 1224 2060 fabulae
1249 1993 1351 2058 illi
1382 1992 1564 2081 apud
1597 1993 2002 2079 Abydenum
2027 1992 2241 2058 subsit
2277 1992 2474 2058 facile
2508 1989 2970 2081 deprehendi,
3006 2014 3129 2057 ne-

501 2122 634 2191 que
671 2101 898 2167 minus
927 2100 1265 2189 quomodo
1292 2122 1370 2166 ex
1401 2106 1643 2166 eventu
1676 2100 1797 2165 illo
1829 2098 2068 2166 fabula
2102 2099 2183 2165 sit
2215 2104 2563 2166 exornata.

581 2310 911 2368 Praeterea
938 2307 1265 2367 mentione
1304 2306 1471 2366 haud
1514 2305 1852 2383 indignum
1882 2309 1976 2365 est
2002 2304 2176 2382 quod
2207 2305 2429 2383 Opperc
2460 2302 2859 2381 (Expedition
2892 2322 2970 2363 en
3002 2307 3129 2364 Me-

503 2405 862 2483 sopotamie
897 2404 921 2463 I
952 2422 1016 2481 p.
1052 2402 1191 2483 187)
1223 2403 1557 2481 proposuit
1601 2407 1664 2462 et
1693 2402 1866 2479 quod
1897 2402 2039 2462 aliis
2072 2418 2323 2479 quoque
2367 2400 2531 2460 haud
2580 2401 3004 2478 improbabile
3033 2402 3130 2462 vi-

503 2503 712 2562 detur.
741 2501 1119 2579 Neriglissor
1143 2500 1335 2570 enim,
1365 2518 1560 2578 gener
1590 2498 2174 2560 Nabuchodonosor
2193 2498 2359 2576 regis
2390 2501 2456 2558 et
2480 2500 2626 2577 post
2646 2498 3131 2559 Evilmerodach

501 2618 615 2660 rex
661 2599 1072 2676 babyloniuS,
1120 2602 1364 2675 patrem
1414 2615 1601 2658 suum
1649 2596 2243 2669 Bel-zikir-uskum,
2294 2597 2356 2655 in
2387 2597 2823 2658 monumentis
2861 2597 3132 2674 publicis

501 2701 926 2776 vocatvregem
957 2695 1322 2773 Babylonis
1357 2697 1438 2755 At
1465 2695 1695 2756 nullibi
1724 2696 1860 2755 eius
1891 2699 2073 2773 pater
2102 2695 2166 2752 in
2198 2695 2360 2754 serie
2391 2711 2616 2774 regum
2642 2695 3130 2773 babyloniorum

503 2799 900 2867 recensetur;
944 2812 1019 2854 ex
1062 2793 1260 2854 altera
1300 2799 1475 2871 parte
1507 2793 1728 2871 nequit
1762 2793 1998 2853 assumi
2030 2793 2166 2852 sine
2215 2792 2346 2852 ullo
2390 2791 2807 2853 fundamento
2838 2793 2897 2852 ei
2942 2811 2976 2853 a
3002 2793 3133 2853 filio

503 2909 827 2954 summum
868 2891 1132 2952 attribui
1175 2891 1517 2969 imperium
1559 2890 1727 2968 quod
1775 2890 1931 2951 olim
1972 2891 2269 2951 tenuerit.
2304 2890 2370 2950 ld
2414 2894 2629 2951 autem
2672 2907 2822 2950 eum
2852 2891 3132 2952 tenuisse

506 2991 912 3069 usurpatione
935 3036 949 3062 ‚
979 3007 1123 3051 cum
1150 2988 1728 3049 Nabuchodonosor
1753 2988 1933 3067 regni
1963 2988 2394 3067 gubernacula
2422 2987 2583 3047 adeo
2612 2989 2882 3047 firmiter
2909 2992 3135 3049 tracta·

505 3093 637 3161 ret,
664 3107 793 3149 non
815 3092 912 3149 est
939 3087 1288 3167 probabile.
1318 3086 1496 3147 Unde
1523 3104 1623 3147 res
1648 3086 1986 3147 commode
2016 3086 2103 3145 ita
2130 3086 2487 3164 expeditur,
2518 3091 2591 3145 ut
2620 3085 2777 3147 dum
2803 3085 3134 3147 Nabucho—

508 3186 783 3247 donosor
810 3186 1034 3246 morbo
1073 3190 1207 3246 erat
1235 3190 1594 3263 correptuS,
1634 3202 1900 3262 regnum
1941 3184 2418 3244 administrasse
2463 3183 2736 3255 dicatur;
2776 3183 2923 3243 inde
2963 3184 3132 3243 enim

508 3284 859 3361 explicatur
883 3301 994 3343 cur
1017 3300 1052 3342 a
1078 3282 1211 3342 filio
1245 3281 1559 3342 eiusmodi
1591 3282 1777 3343 titulo
1810 3282 2092 3361 potuerit
2121 3282 2332 3341 ornari
2372 3286 2437 3341 et
2480 3298 2594 3342 cur
2625 3282 2689 3340 in
2720 3281 2883 3341 serie
2914 3298 3132 3358 regum

508 3385 722 3441 tamen
747 3397 875 3440 non
904 3386 1358 3440 annumeratus
1403 3381 1507 3439 sit.
1536 3379 1699 3439 Addi
1733 3382 1944 3457 potest
1984 3379 2303 3456 aliquibus
2333 3379 2660 3457 probabile
2688 3379 2894 3439 videri
2937 3379 3130 3437 istum

508 3477 888 3556 Neriglissor
914 3477 1014 3537 vel
1051 3478 1608 3555 Nergal-sar-usur
1643 3495 1782 3538 esse
1814 3478 2124 3549 eundem,
2160 3476 2238 3537 de
2270 3494 2396 3554 quo
2425 3478 2542 3536 Ier.
2576 3478 2741 3552 39,3.
2792 3479 2866 3537 13
2903 3475 3131 3556 (hebr.)

509 3579 570 3636 et
601 3575 710 3654 qui
740 3575 1031 3652 rab-mag
1070 3574 1368 3654 princeps
1397 3592 1734 3654 magorum
1762 3582 2028 3635 vocatur
2073 3574 2178 3653 (cf.
2227 3575 2298 3635 G.
2351 3573 2723 3646 Bawlinson‚
2771 3576 3026 3651 History
3069 3573 3141 3632 os

510 3673 887 3744 Herodotu5‚
921 3674 943 3733 I
975 3690 1037 3750 p.
1067 3675 1213 3743 42&
1261 3673 1560 3744 HommeZ,
1594 3672 1966 3733 Geschichte
1997 3673 2146 3732 Bab.
2181 3672 2312 3733 und
2339 3674 2554 3750 Assyr.
2588 3691 2651 3750 p.
2685 3675 2848 3751 777).
2899 3673 3025 3731 Iam
3058 3688 3132 3730 ex

505 3769 776 3833 Berosso
816 3771 1053 3830 scimus
1083 3770 1430 3831 Chaldaeos
1471 3771 1511 3830 i.
1557 3789 1613 3831 e.
1655 3788 1873 3848 magos
1922 3773 2068 3849 post
2104 3775 2376 3830 mortem
2430 3771 2889 3848 Nabopolassar
2935 3768 3133 3847 patris
3214 3837 3219 3840 ⁴

509 3869 1087 3931 Nabuchodonosor
1118 3886 1317 3946 usque
1341 3869 1423 3928 ad
1451 3868 1797 3931 adventum
1830 3868 2413 3929 Nabuchodonosor
2448 3868 2615 3945 regis
2654 3867 3131 3927 administrasse

510 3984 610 4026 res
643 3966 891 4044 imperii
919 3964 1264 4044 (καταλαὸὼν
1306 3965 1360 4024 δὲ
1390 3965 1456 4023 τὰ
1485 3966 1781 4045 πράγματα
1812 3965 2148 4042 διοικούμενα
2179 3965 2283 4023 ὑπὸ
2313 3963 2651 4045 Χαλδαίων);
2691 3965 2857 4027 unde
2901 3964 3132 4043 proba-

509 4064 636 4123 bile
674 4068 770 4124 est
799 4064 990 4125 etiam
1020 4068 1306 4143 tempore
1338 4065 1655 4125 amentiae
1682 4064 1850 4142 regis
1881 4082 2102 4142 magos
2130 4063 2390 4124 nomine
2422 4063 2587 4142 regis
2618 4065 3003 4143 gubernasse
3033 4061 3132 4121 vel

510 4162 868 4240 principem
898 4179 1233 4241 magorum
1253 4163 1330 4221 ad
1359 4162 1536 4240 regni
1564 4162 1992 4240 gubernacula
2016 4162 2340 4222 tractanda
2365 4162 2728 4222 accessisse.
2757 4160 3137 4238 Neriglissor

511 4263 725 4318 autem
754 4263 889 4319 erat
918 4261 1210 4338 princeps
1236 4276 1599 4337 magorum;
1636 4276 1832 4336 quare
1867 4259 2193 4336 probabile
2235 4264 2332 4319 est
2360 4260 2497 4320 eius
2528 4265 2776 4337 patrem
2807 4260 2874 4319 in
2911 4257 3135 4318 eadem

509 4356 703 4416 fuisse
739 4359 1155 4418 constitutum
1189 4357 1524 4434 dignitate;
1577 4373 1771 4434 quare
1818 4362 1889 4416 ut
1932 4356 2078 4415 talis
2117 4356 2506 4433 gubernabat
2554 4357 2810 4415 nomine
2858 4355 3024 4433 regis
3073 4359 3137 4413 et

512 4453 683 4530 regio
727 4453 918 4514 titulo
963 4472 1000 4515 a
1046 4456 1179 4515 filio
1230 4454 1590 4516 honoratur.
1624 4454 1795 4525 Quae
1846 4453 2203 4513 coniectura
2234 4453 2677 4530 probabilitate
2718 4453 3135 4531 haud-carere

511 4551 781 4611 videtur.
813 4551 1130 4628 Quidquid
1146 4557 1358 4613 autem
1384 4556 1498 4622 est,
1527 4551 1590 4611 id
1616 4551 1839 4611 saltem
1862 4549 2135 4610 efficitur
2160 4567 2234 4610 ex
2254 4550 2517 4610 historia
2539 4550 2699 4610 nihil
2718 4550 2927 4628 colligi
2949 4566 3134 4627 posse

513 4649 681 4727 quod
710 4649 1054 4709 narrationi
1096 4651 1173 4709 de
1208 4650 1374 4727 regis
1419 4649 1661 4709 insania
1711 4650 1846 4709 iure
1890 4652 2263 4726 opponatur,
2308 4649 2519 4726 potius
2551 4648 2788 4708 indicia
2825 4646 3135 4725 quaedam

511 4748 774 4827 reperiri
805 4747 1038 4825 quibus
1063 4748 1531 4824 comprobetur.
1569 4747 1736 4805 Inter
1772 4763 1847 4805 ea
1879 4745 2116 4807 indicia
2143 4764 2293 4806 vero
2315 4764 2445 4807 non
2472 4746 2594 4806 erit
2630 4745 3133 4824 computandum
3159 4772 3168 4780 ·
