3550 5367
1553 335 1706 393 DAN.
1757 336 1817 405 3,
1868 337 1965 394 1-2
2961 332 3073 394 105

450 480 590 568 ipse
622 480 947 548 adoretur
987 484 1055 548 in
1099 490 1319 548 statua
1353 506 1420 564 »;
1457 484 1656 549 aliter
1692 506 1851 551 vero
1893 484 1981 550 ad
2021 484 2187 550 Hab.
2225 490 2406 565 1,15.
2452 490 2532 550 16
2569 504 2585 550 :
2622 510 2653 544 «
2690 482 2953 550 idolum
2983 480 3097 550 si?

446 588 735 672 gnificat
783 588 967 676 quod
1019 592 1175 656 fecit
1227 592 1291 656 in
1338 612 1580 710 campo
1640 594 1820 657 Dura
1871 595 1939 656 et
1990 590 2436 657 simulacrum
2481 589 2687 671 Belis,
2735 591 2843 656 cui
2880 592 3074 679 quasi

446 696 695 780 grandi
743 716 1035 780 sagenae
1083 696 1462 762 imnmlavit
1499 697 1989 787 pinguissimas
2029 697 2362 778 victimaS,
2398 701 2572 762 totas
2614 718 2784 786 quas
2825 697 3078 763 vicerat

443 801 754 866 nationes
783 800 868 867 ad
900 802 1160 868 cultum
1194 803 1340 868 eius
1380 824 1630 889 cogens
1672 831 1704 864 »
1739 803 1863 892 (M.
1909 809 1995 870 25
2004 804 2258 891 ,1287).
2299 806 2376 869 Et
2416 803 2587 869 haec
2626 804 2959 869 sententia
2990 802 3075 869 de

443 906 628 973 idolo
683 908 811 973 erit
859 908 1336 997 amplectenda
1367 930 1525 976 eum
1564 911 1741 975 Mar.
1795 911 2015 978 Calm.
2070 911 2288 991 Loclz,
2329 912 2398 975 Z.
2460 908 2647 991 Keil,
2699 909 3071 981 Mez‘nlzold.

443 1017 611 1080 Nam
663 1015 718 1079 si
765 1014 898 1081 sibi
934 1014 1063 1104 ipsi
1110 1015 1514 1104 obsequium
1567 1021 1634 1082 et
1681 1015 2155 1083 adorationem
2210 1016 2516 1082 exhiberi
2569 1016 2908 1101 voluisset,
2953 1040 3079 1083 cur

445 1121 724 1186 iuvenes
754 1143 795 1186 a
821 1142 891 1187 se
924 1122 1070 1210 ipso
1111 1121 1199 1188 ad
1228 1143 1423 1188 suam
1455 1123 1756 1189 mitteret
1797 1127 2126 1204 statuam,
2161 1129 2238 1188 ut
2284 1145 2420 1189 non
2455 1122 2617 1204 sibi,
2658 1121 2778 1189 sed
2814 1128 3079 1189 statuae

444 1228 901 1293 reverentiam
938 1231 1004 1293 et
1033 1228 1365 1295 honorem
1408 1227 1829 1317 penderent?
1869 1229 1936 1295 Si
1982 1229 2189 1295 solius
2237 1230 2421 1314 regis
2460 1228 2684 1295 cultus
2734 1234 3079 1317 spectare-

444 1336 584 1415 tur,
618 1355 740 1398 cur
768 1338 834 1399 et
863 1335 981 1423 qui
1020 1340 1342 1401 accusant
1373 1340 1438 1401 et
1467 1335 1586 1424 qui
1626 1357 1767 1402 sese
1806 1334 2188 1401 defendunt
2227 1335 2534 1401 dicerent
2570 1335 2639 1401 in
2679 1336 3075 1402 universum

448 1437 533 1505 de
568 1438 853 1508 deorum
884 1441 1118 1507 cultu?
1151 1468 1183 1502 «
1220 1445 1387 1507 Deos
1424 1445 1571 1507 tuos
1605 1463 1741 1508 non
1791 1442 2077 1508 colimus
2116 1449 2184 1507 et
2220 1445 2514 1507 statuam
2546 1463 2827 1507 auream
2868 1464 3075 1530 quam

447 1548 716 1612 erexisti
741 1568 878 1612 non
905 1546 1270 1614 adoramus
1300 1576 1329 1606 »
1361 1548 1407 1613 i.
1440 1570 1501 1613 e.
1535 1547 1697 1636 quia
1724 1547 1888 1613 deos
1921 1553 2071 1612 tuos
2091 1566 2226 1612 non
2258 1547 2561 1623 colimus,
2596 1546 2753 1613 ideo
2781 1552 3077 1614 statuam

447 1672 728 1718 auream
767 1675 904 1719 non
944 1653 1343 1736 adoramus3
1383 1655 1719 1720 rationem
1749 1654 2169 1720 adorationis
2197 1661 2491 1740 negatae
2522 1677 2601 1720 ex
2643 1676 2721 1721 eo
2761 1660 3078 1743 repetunt

448 1760 613 1848 quia
647 1758 782 1825 diis
816 1759 1206 1847 babyloniis
1247 1759 1509 1828 cultum
1553 1782 1690 1827 non
1731 1760 2075 1827 exhibent.
2111 1765 2329 1849 Atque
2371 1764 2551 1827 certe
2592 1762 2646 1827 si
2693 1783 2809 1826 rex
2847 1783 2915 1827 se
2943 1760 3076 1827 coli

445 1866 788 1947 voluisset,
822 1867 980 1933 satis
1009 1868 1180 1933 mire
1210 1867 1487 1934 dixisset
1521 1890 1537 1932 z
1567 1889 1813 1933 verene
1844 1865 2008 1933 deos
2042 1888 2225 1933 meos
2255 1889 2391 1934 non
2422 1867 2643 1934 colitis
2685 1871 2749 1933 et
2784 1871 3077 1934 statuam

447 1993 653 2060 quam
685 1973 1006 2055 constitui
1037 1995 1174 2039 non
1211 1973 1550 2040 adoratis?
1582 1975 1648 2040 Si
1690 1974 1813 2062 qui
1847 1977 2216 2062 provocant
2250 1973 2338 2039 ad
2374 1978 2451 2039 1s.
2494 1980 2718 2056 14,13.
2768 1981 2847 2041 14
2869 2025 2883 2051 ,
2915 1974 3078 2039 inde

447 2100 574 2168 pro
623 2084 850 2146 nostra
889 2081 1287 2169 quaestione
1335 2079 1510 2146 nihil
1556 2079 1878 2163 efficitur,
1913 2101 2068 2146 cum
2114 2079 2213 2146 ibi
2258 2102 2503 2167 regum
2546 2078 3076 2166 babyloniorum

448 2206 724 2274 pompa,
759 2187 1102 2275 superbia,
1135 2187 1525 2273 arrogantia
1557 2187 1626 2252 in
1657 2185 2052 2252 universum
2083 2185 2512 2252 describatur
2531 2192 2598 2252 et
2622 2187 3071 2274 vituperetur.

449 2295 699 2357 Verum
730 2298 826 2358 est
858 2292 1485 2359 Nabuchodonosor
1515 2294 1585 2359 in
1625 2293 1764 2359 suis
1803 2292 2357 2382 inscriptionibus
2394 2292 2810 2382 quandoque
2848 2292 3079 2358 dicere

447 2418 518 2462 se
549 2419 688 2463 esse
722 2404 1128 2485 generatum
1158 2421 1199 2464 a
1229 2399 1545 2482 Marduk,
1578 2397 1863 2465 Marduk
1897 2399 2078 2464 vitae
2107 2420 2269 2464 suae
2304 2420 2585 2485 germen
2623 2399 2698 2464 in
2737 2399 2886 2464 sinu
2926 2420 3077 2464 ma-

447 2505 572 2570 tris
595 2505 924 2594 posuisse3
958 2511 1028 2571 at
1054 2506 1256 2571 etiam
1290 2506 1559 2595 saepius
1584 2505 1799 2595 pat-ris
1829 2505 1932 2570 sui
1960 2504 2077 2594 qui
2106 2527 2175 2570 se
2205 2505 2639 2591 generaverit
2666 2506 3079 2595 Nabopolas-

448 2632 560 2677 sar
598 2599 1008 2679 mentionem
1048 2611 1244 2694 facit,
1289 2634 1357 2678 se
1395 2612 1718 2679 devotum
1748 2610 1910 2693 diis,
1942 2610 2373 2678 adoratorem
2411 2611 2524 2677 dei
2573 2611 2760 2678 Nabo
2798 2612 3075 2701 profite-

446 2722 584 2798 tur,
606 2719 1136 2808 supplicationes
1150 2717 1237 2785 ad
1262 2718 1421 2786 deos
1436 2719 1696 2805 dirigit,
1721 2741 1790 2785 se
1825 2740 2063 2784 eorum
2084 2718 2341 2784 cultum
2359 2740 2796 2809 propagasse,
2818 2718 3076 2808 templa

448 2845 686 2890 eorum
725 2824 1145 2908 aedificasse,
1182 2847 1451 2892 ornasse
1495 2825 1859 2912 gloriatur,
1905 2847 1975 2891 se
2014 2847 2055 2890 a
2089 2824 2216 2890 diis
2251 2825 2428 2910 regi,
2475 2847 2712 2891 eorum
2753 2825 3076 2891 mandata

446 2932 789 3021 suscipere
815 2937 881 2998 et
918 2933 1224 3021 exsequi,
1262 2954 1500 2998 eorum
1525 2933 1950 3021 protectione
1992 2930 2309 3011 defendi,
2344 2931 2598 2996 servari
2630 2931 2928 2997 affirmat
2957 2932 3068 3019 (cf.

449 3041 811 3128 Brunenqo
852 3038 899 3106 l.
956 3060 1014 3105 c.
1061 3062 1132 3128 p.
1183 3044 1315 3105 252
1362 3039 1551 3127 seq.).
1594 3037 1783 3105 Unde
1823 3060 1980 3104 cum
2031 3037 2321 3126 repetito
2369 3059 2437 3102 se
2489 3036 2752 3102 cultum
2797 3037 3077 3104 Marduk

443 3166 861 3235 propagasse
904 3151 1188 3226 asserat,
1227 3144 1603 3211 censendus
1647 3148 1745 3210 est
1784 3144 2087 3209 victoriis
2125 3143 2340 3232 partis
2383 3164 2735 3232 regnoque
2780 3142 3079 3209 stabilito

444 3251 613 3317 huic
640 3249 826 3317 idolo
855 3253 961 3317 vel
982 3251 1189 3318 etiam
1219 3251 1405 3317 Nabo
1435 3271 1641 3340 quem
1665 3249 1929 3339 pariter
1951 3249 2152 3336 regni
2191 3249 2295 3314 sui
2324 3254 2778 3339 protectorem
2809 3249 3070 3330 laudat,

449 3358 733 3424 erexisse
774 3364 1292 3425 monumentum
1335 3357 1616 3447 eiusque
1655 3356 1915 3422 cultum
1954 3355 2228 3444 populis
2264 3355 2779 3446 praescripsisse
2828 3357 2897 3421 in
2942 3355 3075 3423 sol-

447 3464 662 3531 lemni
689 3464 811 3532 illa
839 3470 1099 3531 statuae
1128 3463 1584 3531 dedicatione.

541 3577 752 3650 Quam
778 3572 1023 3638 merito
1049 3573 1229 3637 inter
1258 3570 1389 3636 alia
1418 3592 1534 3637 rex
1555 3571 1629 3636 in
1663 3592 1768 3636 ma
1778 3591 1919 3657 gna
1947 3569 2394 3658 inscriptione
2421 3569 2603 3635 dicat
2635 3591 2650 3637 :
2681 3568 2940 3636 cultum
2967 3567 3076 3634 dei

447 3677 728 3744 Marduk
746 3677 1150 3768 propagavi,
1177 3677 1287 3743 dei
1313 3678 1551 3763 magni
1581 3678 1699 3767 qui
1735 3698 1841 3742 me
1872 3676 2160 3756 creavit,
2189 3681 2256 3742 et
2284 3698 2489 3764 opera
2516 3676 2662 3742 eius
2695 3675 3071 3750 celebravi;

447 3785 712 3850 cultum
759 3785 1128 3851 maiestatis
1188 3785 1332 3850 eius
1382 3784 1683 3864 extendi,
1745 3788 1963 3849 terras
1999 3782 2442 3871 longinquaS‚
2504 3786 2766 3847 montes
2817 3780 2986 3846 altos
3037 3803 3077 3845 a

349 3921 358 3927 ·
442 3892 625 3957 mari
661 3891 1006 3980 superiore
1043 3890 1598 3980 (mediterraneo)
1632 3912 1845 3979 usque
1885 3888 1974 3955 ad
2013 3910 2202 3955 mare
2240 3888 2531 3954 inferius
2573 3886 2828 3975 (sinum
2862 3887 3078 3976 persi—

444 4000 623 4083 cum)
652 3997 725 4063 in
754 3999 898 4063 eius
928 3997 1359 4063 veneratione
1389 3996 1686 4063 continui
1716 4000 1873 4076 etc.,
1911 3997 2114 4062 etiam
2141 3994 2271 4061 hac
2301 3995 2690 4060 narratione
2722 3992 3080 4082 praeclare

442 4105 826 4172 illustratur
859 4126 875 4169 :
916 4126 982 4170 v.
1017 4111 1058 4169 2
1095 4133 1124 4163 «
1167 4102 1398 4192 itaque
1437 4101 2060 4169 Nabuchodonosor
2088 4124 2211 4167 rex
2239 4101 2432 4167 misit
2453 4099 2549 4166 ad
2570 4098 3080 4187 conqreqcmdos

443 4194 795 4301 satrapas,
833 4210 1274 4299 maqistratus
1303 4221 1369 4276 et
1401 4208 1689 4291 iudiceS,
1724 4208 1930 4274 duces
1960 4220 2023 4274 et
2054 4219 2380 4296 tyrannos
2419 4218 2485 4274 et
2513 4208 2897 4295 praefectos
2938 4229 3077 4273 om-

447 4340 698 4408 nesque
724 4317 1073 4408 ,preacipes
1110 4317 1500 4406 reqionum,
1543 4328 1621 4382 ut
1661 4315 2095 4381 convenirent
2133 4314 2229 4380 ad
2267 4314 2766 4381 dedicationem
2814 4325 3080 4380 statuae

448 4447 659 4515 quam
689 4436 993 4491 erexerat
1035 4421 1660 4491 Nabuchodonosor
1687 4445 1809 4488 νει
1842 4449 1871 4481 »
1898 4443 1912 4502 ;
1945 4460 2034 4469 —
2073 4441 2363 4511 quorum
2412 4421 2936 4506 magistratuum
2968 4421 3077 4487 vel

451 4553 747 4622 quarum
786 4530 1201 4618 dignitatum
1248 4530 1527 4596 nomina
1573 4529 1685 4596 hic
1733 4532 2243 4608 recenseantur,
2278 4525 2583 4593 nondum
2634 4528 2706 4593 in
2756 4528 3079 4593 omnibus

450 4638 875 4728 exploratum
901 4641 1020 4704 est.
1069 4641 1300 4727 Neque
1342 4638 1684 4703 versiones
1713 4640 1971 4702 veteres
2018 4634 2200 4699 inter
2239 4656 2308 4700 se
2352 4636 2803 4700 consentiunt.
2846 4634 3074 4699 Primo

452 4745 598 4813 loco
641 4745 1084 4813 nominantur
1121 4743 1496 4838 Νῗξξῡῇιζίζιξζ
1534 4764 1741 4832 quam
1801 4763 2037 4808 vocem
2088 4741 2375 4808 eandem
2419 4763 2557 4808 esse
2604 4763 2685 4807 ac
2735 4740 3071 4829 persicam
