3550 5367
210 322 249 380 90
740 319 816 380 Dan.
839 321 868 388 ἓ,
893 320 990 379 39-40

254 472 338 535 Sunt
353 470 412 558 qui
431 470 467 534 in
485 473 621 558 pectore
644 490 780 558 quoque
798 473 831 535 et
852 467 1004 535 brachiis
1024 467 1175 535 indolem
1190 469 1289 555 regni
1309 468 1439 534 unitate
1455 468 1518 533 de-

208 577 359 642 stitutam
376 575 479 665 (Keil)
497 575 551 642 vel
572 596 719 662 regnum
736 598 774 640 ex
789 575 922 641 duabus
940 573 1102 660 gentibus
1116 574 1300 642 conflatum
1317 596 1517 664 repraesen-
1536 617 1540 622 ·

207 684 274 748 tari
292 682 407 748 dicant
427 680 593 771 (Pacem).
615 685 721 758 Quam
742 680 993 771 interpretandi
1011 682 1180 748 rationem
1202 680 1312 748 Mcld.
1330 682 1441 767 magis
1462 704 1518 748 ar-

208 795 328 875 gutam
344 795 440 854 vocat
454 811 558 878 quam
574 811 703 869 veram,
719 789 896 877 magisque
911 788 1097 878 speciosam
1111 809 1217 878 quam
1229 786 1386 854 solidam.
1401 792 1517 878 Neque

208 897 378 962 immerito
405 896 452 961 ita
481 917 618 962 censere
645 895 792 962 videtur.
819 899 960 985 Oportet
984 894 1078 960 enim
1109 893 1320 961 considerari
1358 900 1519 983 quattuor

206 1002 265 1068 illa
283 1023 391 1088 regna
406 1001 444 1067 in
464 1001 589 1091 quibus
608 1002 762 1068 bumana
779 1001 933 1092 potentia
950 1002 1047 1090 quasi
1066 987 1242 1087 colligitur
1260 1023 1299 1067 ac
1317 1021 1519 1090 repraesen-

206 1112 298 1174 tatur
311 1107 452 1197 exprimi
468 1108 582 1194 figura
600 1112 768 1187 humanm
783 1107 874 1174 uude
893 1129 933 1174 ex
951 1107 1026 1195 ipsa
1039 1107 1201 1193 imaginis
1214 1107 1345 1173 ratione
1360 1129 1517 1174 necessa-

207 1213 444 1302 rioscquitur,
460 1215 613 1303 primum
631 1235 779 1301 regnum
800 1213 1002 1280 adumbrari
1016 1213 1143 1302 capite,
1158 1213 1306 1280 alterum
1325 1217 1466 1303 pectore
1485 1220 1519 1280 et

207 1318 371 1402 brachiis,
382 1322 521 1388 tertium
529 1325 647 1387 ventre
656 1326 689 1386 et
698 1320 902 1401 femoribus,
914 1323 1074 1410 quartum
1085 1319 1251 1408 pedibus;
1264 1321 1330 1387 hae
1340 1321 1519 1386 enimsunt

206 1430 319 1516 partes
331 1427 535 1516 praecipuae
546 1449 585 1494 ac
600 1427 802 1516 conspicuae
811 1427 847 1493 in
859 1430 980 1493 statua.
994 1425 1140 1493 Proinde
1151 1427 1263 1516 potius
1272 1425 1518 1516 inquirendum

206 1534 281 1615 erit,
299 1555 359 1599 cur
372 1555 479 1620 regna
489 1533 549 1600 illa
561 1533 754 1620 figurentur
768 1539 968 1614 uuastatua‚
986 1532 1518 1623 quamcursecundumregnum

205 1643 341 1728 pectore
372 1645 405 1706 et
440 1640 588 1706 brachiis
622 1638 845 1705 describatur.
877 1639 1088 1728 Simulatque
1116 1639 1208 1704 enim
1241 1640 1353 1705 forma
1384 1645 1518 1706 statuae

206 1746 357 1832 eligitur,
373 1747 443 1812 iam
459 1745 604 1813 alterum
619 1767 766 1833 regnum
781 1746 952 1836 aliaparte
967 1745 1086 1834 nequit
1104 1744 1271 1812 exbiberi.
1292 1745 1383 1812 ldem
1403 1745 1457 1812 dic
1476 1745 1518 1811 de

205 1853 306 1919 tertio
316 1857 349 1918 et
359 1858 483 1942 quarto
491 1875 611 1940 regno.
624 1855 690 1919 Cur
700 1857 813 1919 autem
830 1851 944 1938 figura
958 1874 1029 1918 una
1043 1873 1149 1941 caque
1168 1853 1322 1918 humana
1334 1852 1520 1918 exhibean-

206 1964 281 2040 tur,'
293 1959 341 2026 ita
355 1958 521 2028 declarari
535 1959 629 2026 haud
647 1958 923 2050 improbabiliter
939 1959 1076 2048 poterit.
1101 1964 1218 2045 Regna
1238 1958 1298 2024 illa
1321 1960 1358 2024 in
1372 1981 1407 2025 se
1421 1958 1519 2048 quasi

206 2064 371 2152 colligunt
383 2072 417 2132 et
431 2066 728 2156 comprehendunt
742 2087 978 2157 quaecumque
985 2065 1141 2131 homiues
1155 2066 1223 2132 suis
1237 2065 1367 2132 viribus
1381 2064 1517 2132 ellicere

207 2176 346 2260 possunt
360 2178 393 2238 et
406 2195 494 2262 quae
509 2171 665 2240 homines
680 2196 699 2238 a
718 2173 792 2239 veri
806 2173 864 2238 Dei
878 2173 972 2239 cultu
992 2178 1026 2238 et
1045 2172 1210 2257 religione
1228 2171 1333 2238 alieni
1346 2175 1517 2262 appetunt

206 2278 449 2356 etmoliuntur;
462 2279 554 2347 unde
569 2278 685 2346 inillis
699 2279 849 2368 potentia
870 2277 1275 2357 humanaadumbratur;
1290 2299 1397 2366 quare
1405 2277 1517 2344 homi—

164 2447 165 2452 ,
206 2383 260 2448 nis
274 2383 466 2470 symbolum
485 2384 637 2470 eligitur.
652 2389 724 2450 Una
742 2407 823 2450 vero
842 2382 974 2469 efligies
987 2383 1202 2474 proponitur,
1222 2385 1304 2472 quia
1322 2383 1512 2474 quotuplici

206 2487 345 2554 demum
363 2490 475 2555 forma
500 2491 586 2556 hacc
608 2491 761 2556 bumana
785 2490 938 2579 potentia
965 2494 1147 2582 appareat,
1169 2496 1283 2555 tamen
1304 2511 1438 2578 semper
1454 2489 1514 2556 uni

205 2616 312 2680 regno
327 2594 385 2660 Dei
398 2596 591 2685 opponitur,
610 2617 744 2685 semper
759 2617 828 2662 uno
843 2596 1032 2684 eodemque
1052 2595 1152 2662 modo
1166 2617 1314 2682 regnum
1330 2596 1387 2663 Dei
1402 2618 1517 2684 oppu-

205 2707 304 2786 gnat,
320 2722 453 2791 semper
475 2701 596 2768 iisdem
620 2701 742 2768 studiis
761 2726 782 2769 a
795 2706 862 2768 Deo
881 2702 1003 2768 alienis
1025 2708 1159 2791 Deoque
1181 2703 1328 2769 inimicis
1349 2703 1515 2789 agitatur.

206 2811 291 2873 Sunt
308 2809 425 2897 itaque
450 2809 544 2874 varia
570 2830 679 2896 regna
699 2809 790 2875 inter
803 2829 838 2875 se
854 2807 1069 2875 succedentia
1087 2809 1175 2875 nihil
1192 2808 1290 2875 aliud
1312 2809 1378 2874 nisi
1397 2815 1516 2898 partes

206 2913 308 2980 unius
329 2914 440 3002 operis
463 2913 555 3003 quod
586 2937 695 3001 genus
720 2915 930 2997 humanum,
950 2915 1068 2996 home,
1095 2916 1162 2981 suis
1181 2915 1312 2981 viribus
1331 2916 1464 3001 erigere
1484 2923 1517 2980 et

156 3077 158 3081 .
206 3026 322 3086 contra
347 3023 452 3086 Deum
481 3020 631 3088 stabilire
656 3027 808 3088 conatur.
831 3025 914 3087 Cum
945 3022 981 3086 in
1011 3022 1075 3086 isto
1094 3042 1196 3110 opere
1231 3021 1336 3088 homo
1367 3022 1516 3111 seipsum

205 3127 397 3192 manifestet
412 3132 445 3193 et
461 3131 559 3216 quasi
578 3127 738 3217 explicet,
758 3129 868 3217 ipsum
884 3149 969 3217 opus
988 3132 1066 3216 apte
1085 3127 1234 3194 hominis
1251 3127 1364 3214 figura
1380 3149 1518 3216 reprae-

204 3237 369 3299 sentatur.
387 3234 436 3300 Fit
450 3255 529 3300 vero
544 3233 579 3299 id
594 3239 704 3301 statua
715 3235 787 3302 vita
800 3240 948 3301 carente.
967 3239 1071 3300 llcmo
1086 3235 1177 3300 enim
1190 3257 1210 3300 a
1225 3237 1291 3301 Deo
1308 3234 1439 3300 alienus
1453 3235 1518 3299 mi-

205 3339 296 3404 nime
313 3339 448 3405 efficere
468 3344 577 3431 potest
595 3363 684 3428 quae
703 3339 747 3407 ad
767 3362 882 3407 veram
897 3341 1002 3405 vitam
1015 3363 1054 3407 ac
1066 3339 1264 3406 felicitatem
1276 3341 1413 3406 beatam
1433 3362 1516 3406 con·
1599 3346 1614 3354 ‘'

203 3444 332 3526 lerant;
348 3444 390 3510 de
407 3445 447 3510 iis
465 3448 557 3511 enim
571 3446 661 3511 valet
674 3445 766 3535 quod
787 3450 849 3512 ler.
868 3451 970 3525 5¹‚58
985 3445 1113 3532 legitur
1130 3445 1288 3514 :labores
1304 3447 1510 3535 populorum

205 3549 249 3615 ad
272 3550 420 3617 nihilum
440 3554 473 3617 et
493 3552 649 3638 gentium
677 3553 712 3618 in
734 3553 852 3637 iguem
875 3558 990 3634 erunt,
1012 3557 1045 3619 et
1059 3551 1151 3640 quod
1172 3552 1256 3619 Hab.
1272 3557 1352 3632 2,13
1372 3575 1379 3620 :
1396 3573 1512 3619 nonne

206 3678 281 3722 ecce
305 3656 512 3724 laborabunt
532 3658 651 3747 populi
678 3680 741 3748 pro
765 3659 844 3745 igne
867 3663 901 3722 ct
922 3663 1040 3744 gentes
1063 3660 1099 3723 in
1128 3679 1275 3724 vacuum
1299 3664 1333 3724 et
1357 3658 1515 3724 deficient

205 3763 354 3852 (hebr.)?
369 3768 486 3832 Statua
498 3764 559 3830 illa
573 3764 677 3830 variis
693 3762 861 3831 conflatur
873 3763 1034 3845 metallis,
1052 3765 1178 3854 quibus
1197 3766 1285 3831 inter
1297 3765 1367 3831 alia
1382 3764 1516 3852 signifi-

205 3875 325 3936 cantur
337 3869 488 3936 subsidia
507 3869 712 3959 multiplicia
736 3876 768 3936 et
792 3891 872 3959 opes
896 3870 1011 3937 variae
1035 3870 1160 3960 quibus
1179 3871 1283 3938 homo
1303 3872 1422 3938 utitur.
1447 3869 1513 3937 Sed

206 3976 289 4064 quid
302 3977 443 4043 tandem
460 3977 584 4044 elficit‘l
601 3979 768 4066 Compara
785 3989 935 4044 statuum
953 3979 1043 4044 hanc
1062 3978 1208 4044 metallis
1227 3979 1408 4044 conflatam
1426 4001 1515 4067 quae

204 4081 344 4149 tandem
369 4084 466 4173 quasi
489 4083 608 4170 gluma
633 4090 666 4150 et
688 4083 800 4172 pulvis
821 4085 934 4150 tenuis
956 4086 1125 4150 evanescit
1139 4107 1217 4152 cum
1230 4084 1306 4172 filio
1320 4085 1465 4150 bominis
1478 4086 1514 4151 in

204 4187 353 4254 nubibus
374 4191 475 4273 coeli,
493 4192 549 4257 cui
569 4189 670 4256 datur
685 4195 831 4279 potestas
850 4197 883 4257 et
898 4192 1007 4257 honor
1021 4196 1053 4256 et
1072 4213 1220 4277 regnum
1233 4191 1329 4280 (Dan.
1345 4197 1438 4272 7‚13.
1457 4191 1512 4279 1a)

205 4334 249 4344 —
263 4315 304 4360 en
316 4288 498 4364 discrimen
510 4297 755 4383 interregnum
768 4299 950 4364 hominum
961 4301 1057 4363 aDeo
1072 4297 1222 4363 alienum
1235 4302 1268 4362 et
1278 4298 1335 4363 Dei
1351 4319 1513 4383 regnum.

250 4402 397 4466 Tertium
414 4425 558 4489 reguum
575 4408 623 4470 est
641 4425 791 4470 aereum.
810 4405 844 4468 Si
859 4408 1041 4489 argentum
1056 4424 1159 4492 supra
1173 4404 1236 4469 rite
1255 4404 1510 4491 explicavimus,

203 4509 239 4573 in
260 4529 339 4573 aere
360 4514 511 4597 spectare
529 4510 648 4576 licebit
670 4509 820 4576 indolem
844 4509 944 4594 regni
959 4509 1051 4597 quod
1071 4509 1217 4575 maxime
1234 4509 1334 4575 bellis
1355 4511 1514 4597 gerendis

204 4615 268 4680 erit
284 4614 430 4701 insigne,
449 4637 517 4682 non
532 4620 602 4682 tam
619 4615 874 4702 magnificentia
889 4622 923 4680 et
936 4637 1073 4705 pompa,
1092 4638 1194 4703 quam
1209 4617 1332 4684 robore
1346 4617 1466 4684 bellico
1480 4625 1514 4683 et

204 4721 320 4789 armis
338 4711 392 4787 Ad
408 4721 500 4810 quod
518 4723 677 4806 congruit
693 4721 786 4810 quod
806 4721 968 4790 additur:
990 4721 1174 4812 imperabit
1195 4724 1371 4790 universae
1385 4727 1511 4792 terrae.
