<?xml version="1.0" encoding="UTF-8"?>
<!DOCTYPE html PUBLIC "-//W3C//DTD XHTML 1.0 Transitional//EN"
    "http://www.w3.org/TR/xhtml1/DTD/xhtml1-transitional.dtd">
<html xmlns="http://www.w3.org/1999/xhtml" xml:lang="en" lang="en">
 <head>
  <title>
</title>
<meta http-equiv="Content-Type" content="text/html;charset=utf-8" />
  <meta name='ocr-system' content='tesseract 3.04.00' />
  <meta name='ocr-capabilities' content='ocr_page ocr_carea ocr_par ocr_line ocrx_word'/>
</head>
<body>
  <div class='ocr_page' id='page_1' title='image "./commentariusind01knabgoog_0212.png"; bbox 0 0 3550 5367; ppageno 0'>
   <div class='ocr_carea' id='block_1_1' title="bbox 538 358 2115 428">
    <p class='ocr_par' dir='ltr' id='par_1_1' title="bbox 538 358 2115 428">
     <span class='ocr_line' id='line_1_1' title="bbox 538 358 2115 428; baseline -0.001 -11"><span class='ocrx_word' id='word_1_1' title='bbox 538 359 656 419; x_wconf 65' lang='lat'><strong>200</strong></span> <span class='ocrx_word' id='word_1_2' title='bbox 1619 359 1776 417; x_wconf 63' lang='lat' dir='ltr'><strong>DAN.</strong></span> <span class='ocrx_word' id='word_1_3' title='bbox 1824 360 1857 414; x_wconf 86' lang='lat'><strong>7</strong></span> <span class='ocrx_word' id='word_1_4' title='bbox 1870 404 1884 428; x_wconf 79' lang='lat'>‚</span> <span class='ocrx_word' id='word_1_5' title='bbox 1930 358 2115 416; x_wconf 71' lang='lat'>24-25</span> 
     </span>
    </p>
   </div>
   <div class='ocr_carea' id='block_1_2' title="bbox 538 503 3226 4847">
    <p class='ocr_par' dir='ltr' id='par_1_2' title="bbox 538 503 3186 1447">
     <span class='ocr_line' id='line_1_2' title="bbox 540 503 3178 597; baseline -0.001 -23"><span class='ocrx_word' id='word_1_6' title='bbox 540 509 665 574; x_wconf 87' lang='lat' dir='ltr'><strong>tias</strong></span> <span class='ocrx_word' id='word_1_7' title='bbox 683 559 697 588; x_wconf 89' lang='lat'>,</span> <span class='ocrx_word' id='word_1_8' title='bbox 731 506 1305 597; x_wconf 84' lang='lat' dir='ltr'><strong>oppugnationeS‚</strong></span> <span class='ocrx_word' id='word_1_9' title='bbox 1340 505 1566 573; x_wconf 79' lang='lat' dir='ltr'><strong>clades</strong></span> <span class='ocrx_word' id='word_1_10' title='bbox 1592 528 1868 597; x_wconf 88' lang='lat' dir='ltr'><strong>quoque</strong></span> <span class='ocrx_word' id='word_1_11' title='bbox 1898 510 1965 572; x_wconf 91' lang='lat' dir='ltr'><strong>et</strong></span> <span class='ocrx_word' id='word_1_12' title='bbox 1991 505 2465 592; x_wconf 68' lang='lat' dir='ltr'><strong>castigationes</strong></span> <span class='ocrx_word' id='word_1_13' title='bbox 2493 503 2901 595; x_wconf 67' lang='lat' dir='ltr'><strong>ruinamque</strong></span> <span class='ocrx_word' id='word_1_14' title='bbox 2938 507 3178 595; x_wconf 80' lang='lat' dir='ltr'><strong>depin-</strong></span> 
     </span>
     <span class='ocr_line' id='line_1_3' title="bbox 539 611 3174 701; baseline 0 -22"><span class='ocrx_word' id='word_1_15' title='bbox 539 618 741 701; x_wconf 88' lang='lat' dir='ltr'><strong>gant;</strong></span> <span class='ocrx_word' id='word_1_16' title='bbox 783 612 940 679; x_wconf 80' lang='lat' dir='ltr'><strong>vide</strong></span> <span class='ocrx_word' id='word_1_17' title='bbox 983 634 1156 701; x_wconf 87' lang='lat' dir='ltr'><strong>quae</strong></span> <span class='ocrx_word' id='word_1_18' title='bbox 1186 611 1271 678; x_wconf 92' lang='lat' dir='ltr'><strong>de</strong></span> <span class='ocrx_word' id='word_1_19' title='bbox 1296 634 1379 679; x_wconf 88' lang='lat' dir='ltr'><strong>ea</strong></span> <span class='ocrx_word' id='word_1_20' title='bbox 1409 635 1484 679; x_wconf 92' lang='lat' dir='ltr'><strong>re</strong></span> <span class='ocrx_word' id='word_1_21' title='bbox 1512 613 1742 680; x_wconf 87' lang='lat' dir='ltr'><strong>notavi</strong></span> <span class='ocrx_word' id='word_1_22' title='bbox 1785 614 1856 679; x_wconf 88' lang='lat' dir='ltr'><strong>in</strong></span> <span class='ocrx_word' id='word_1_23' title='bbox 1888 616 2251 679; x_wconf 82' lang='lat' dir='ltr'><strong>comment.</strong></span> <span class='ocrx_word' id='word_1_24' title='bbox 2302 611 2373 677; x_wconf 82' lang='lat' dir='ltr'><strong>iu</strong></span> <span class='ocrx_word' id='word_1_25' title='bbox 2405 615 2513 679; x_wconf 73' lang='lat' dir='ltr'><strong>Ee.</strong></span> <span class='ocrx_word' id='word_1_26' title='bbox 2557 635 2629 699; x_wconf 84' lang='lat' dir='ltr'><strong>p.</strong></span> <span class='ocrx_word' id='word_1_27' title='bbox 2665 619 2817 679; x_wconf 64' lang='grc' dir='ltr'><strong>ΒΜ.</strong></span> <span class='ocrx_word' id='word_1_28' title='bbox 2861 615 2954 679; x_wconf 78' lang='lat' dir='ltr'><strong>lta</strong></span> <span class='ocrx_word' id='word_1_29' title='bbox 2986 635 3048 679; x_wconf 69' lang='lat' dir='ltr'><strong>r.</strong></span> <span class='ocrx_word' id='word_1_30' title='bbox 3100 635 3174 695; x_wconf 63' lang='lat' dir='ltr'><strong>g.</strong></span> 
     </span>
     <span class='ocr_line' id='line_1_4' title="bbox 538 718 3178 803; baseline -0.001 -17"><span class='ocrx_word' id='word_1_31' title='bbox 538 721 743 786; x_wconf 88' lang='lat' dir='ltr'><strong>lsaias</strong></span> <span class='ocrx_word' id='word_1_32' title='bbox 771 721 841 784; x_wconf 90' lang='lat' dir='ltr'><strong>in</strong></span> <span class='ocrx_word' id='word_1_33' title='bbox 871 719 1100 801; x_wconf 88' lang='lat' dir='ltr'><strong>Babel,</strong></span> <span class='ocrx_word' id='word_1_34' title='bbox 1128 718 1457 785; x_wconf 81' lang='lat' dir='ltr'>Michaeas</span> <span class='ocrx_word' id='word_1_35' title='bbox 1486 720 1557 784; x_wconf 87' lang='lat' dir='ltr'><strong>in</strong></span> <span class='ocrx_word' id='word_1_36' title='bbox 1587 723 1817 803; x_wconf 87' lang='lat' dir='ltr'><strong>Assur,</strong></span> <span class='ocrx_word' id='word_1_37' title='bbox 1844 719 2159 785; x_wconf 83' lang='lat' dir='ltr'><strong>Habacuc</strong></span> <span class='ocrx_word' id='word_1_38' title='bbox 2181 720 2256 783; x_wconf 91' lang='lat' dir='ltr'><strong>in</strong></span> <span class='ocrx_word' id='word_1_39' title='bbox 2281 718 2637 786; x_wconf 68' lang='lat' dir='ltr'><strong>Chaldaeis</strong></span> <span class='ocrx_word' id='word_1_40' title='bbox 2661 739 2893 783; x_wconf 79' lang='lat' dir='ltr'><strong>emues</strong></span> <span class='ocrx_word' id='word_1_41' title='bbox 2925 719 3034 783; x_wconf 80' lang='lat' dir='ltr'><strong>Dei</strong></span> <span class='ocrx_word' id='word_1_42' title='bbox 3074 743 3178 783; x_wconf 86' lang='lat' dir='ltr'><strong>re-</strong></span> 
     </span>
     <span class='ocr_line' id='line_1_5' title="bbox 540 823 3178 913; baseline -0.002 -21"><span class='ocrx_word' id='word_1_43' title='bbox 540 828 662 913; x_wconf 85' lang='lat' dir='ltr'><strong>gni</strong></span> <span class='ocrx_word' id='word_1_44' title='bbox 688 824 1114 892; x_wconf 87' lang='lat' dir='ltr'><strong>adversarios</strong></span> <span class='ocrx_word' id='word_1_45' title='bbox 1154 824 1521 892; x_wconf 78' lang='lat' dir='ltr'><strong>adumbrat</strong></span> <span class='ocrx_word' id='word_1_46' title='bbox 1556 832 1621 892; x_wconf 92' lang='lat' dir='ltr'><strong>et</strong></span> <span class='ocrx_word' id='word_1_47' title='bbox 1666 826 1805 892; x_wconf 82' lang='lat' dir='ltr'><strong>iam</strong></span> <span class='ocrx_word' id='word_1_48' title='bbox 1844 826 2118 892; x_wconf 80' lang='lat' dir='ltr'><strong>Balaam</strong></span> <span class='ocrx_word' id='word_1_49' title='bbox 2148 824 2469 891; x_wconf 82' lang='lat' dir='ltr'><strong>ultimum</strong></span> <span class='ocrx_word' id='word_1_50' title='bbox 2497 823 2609 891; x_wconf 74' lang='lat' dir='ltr'><strong>Dei</strong></span> <span class='ocrx_word' id='word_1_51' title='bbox 2641 823 2901 891; x_wconf 74' lang='lat' dir='ltr'><strong>husten]</strong></span> <span class='ocrx_word' id='word_1_52' title='bbox 2938 827 3002 891; x_wconf 79' lang='lat' dir='ltr'><strong>iu</strong></span> <span class='ocrx_word' id='word_1_53' title='bbox 3054 847 3178 891; x_wconf 67' lang='lat' dir='ltr'><strong>‚ue-</strong></span> 
     </span>
     <span class='ocr_line' id='line_1_6' title="bbox 540 931 3182 1022; baseline -0.002 -24"><span class='ocrx_word' id='word_1_54' title='bbox 540 932 740 998; x_wconf 87' lang='lat' dir='ltr'><strong>vibus</strong></span> <span class='ocrx_word' id='word_1_55' title='bbox 770 932 1002 997; x_wconf 86' lang='lat' dir='ltr'><strong>Kittim</strong></span> <span class='ocrx_word' id='word_1_56' title='bbox 1042 931 1522 999; x_wconf 86' lang='lat' dir='ltr'><strong>advenientem</strong></span> <span class='ocrx_word' id='word_1_57' title='bbox 1560 933 1909 1022; x_wconf 82' lang='lat' dir='ltr'>prospexit</span> <span class='ocrx_word' id='word_1_58' title='bbox 1938 933 2160 1019; x_wconf 85' lang='lat' dir='ltr'><strong>(Num.</strong></span> <span class='ocrx_word' id='word_1_59' title='bbox 2201 931 2461 1015; x_wconf 50' lang='lat' dir='ltr'><strong>Qflssi-</strong></span> <span class='ocrx_word' id='word_1_60' title='bbox 2497 935 2673 1007; x_wconf 69' lang='lat' dir='ltr'><strong>Quae</strong></span> <span class='ocrx_word' id='word_1_61' title='bbox 2721 931 2773 995; x_wconf 77' lang='lat' dir='ltr'><strong>si</strong></span> <span class='ocrx_word' id='word_1_62' title='bbox 2805 931 2990 1019; x_wconf 68' lang='lat' dir='ltr'><strong>apud</strong></span> <span class='ocrx_word' id='word_1_63' title='bbox 3022 955 3182 1019; x_wconf 75' lang='lat' dir='ltr'><strong>pre-</strong></span> 
     </span>
     <span class='ocr_line' id='line_1_7' title="bbox 540 1038 3178 1128; baseline -0 -24"><span class='ocrx_word' id='word_1_64' title='bbox 540 1039 786 1128; x_wconf 90' lang='lat' dir='ltr'><strong>phetas</strong></span> <span class='ocrx_word' id='word_1_65' title='bbox 812 1039 883 1104; x_wconf 90' lang='lat' dir='ltr'><strong>in</strong></span> <span class='ocrx_word' id='word_1_66' title='bbox 920 1059 1045 1103; x_wconf 92' lang='lat' dir='ltr'><strong>usu</strong></span> <span class='ocrx_word' id='word_1_67' title='bbox 1081 1038 1303 1127; x_wconf 89' lang='lat' dir='ltr'><strong>posita</strong></span> <span class='ocrx_word' id='word_1_68' title='bbox 1329 1038 1893 1120; x_wconf 80' lang='lat' dir='ltr'><strong>consideraveriS‚</strong></span> <span class='ocrx_word' id='word_1_69' title='bbox 1922 1038 2120 1105; x_wconf 80' lang='lat' dir='ltr'><strong>facile</strong></span> <span class='ocrx_word' id='word_1_70' title='bbox 2149 1039 2557 1104; x_wconf 75' lang='lat' dir='ltr'><strong>concesseris</strong></span> <span class='ocrx_word' id='word_1_71' title='bbox 2585 1039 2841 1103; x_wconf 70' lang='lat' dir='ltr'><strong>Danieli</strong></span> <span class='ocrx_word' id='word_1_72' title='bbox 2877 1059 3178 1127; x_wconf 70' lang='lat' dir='ltr'><strong>queque.</strong></span> 
     </span>
     <span class='ocr_line' id='line_1_8' title="bbox 542 1140 3186 1235; baseline -0.001 -25"><span class='ocrx_word' id='word_1_73' title='bbox 542 1150 617 1211; x_wconf 85' lang='lat' dir='ltr'><strong>ut</strong></span> <span class='ocrx_word' id='word_1_74' title='bbox 648 1145 719 1210; x_wconf 91' lang='lat' dir='ltr'><strong>in</strong></span> <span class='ocrx_word' id='word_1_75' title='bbox 761 1140 1257 1233; x_wconf 71' lang='lat' dir='ltr'><strong>quarta&#39;bestia</strong></span> <span class='ocrx_word' id='word_1_76' title='bbox 1297 1149 1363 1210; x_wconf 91' lang='lat' dir='ltr'><strong>et</strong></span> <span class='ocrx_word' id='word_1_77' title='bbox 1388 1145 1460 1210; x_wconf 90' lang='lat' dir='ltr'><strong>in</strong></span> <span class='ocrx_word' id='word_1_78' title='bbox 1501 1150 1745 1234; x_wconf 85' lang='lat' dir='ltr'><strong>quarto</strong></span> <span class='ocrx_word' id='word_1_79' title='bbox 1795 1166 2010 1232; x_wconf 89' lang='lat' dir='ltr'><strong>regno</strong></span> <span class='ocrx_word' id='word_1_80' title='bbox 2041 1143 2239 1235; x_wconf 87' lang='lat' dir='ltr'><strong>quasi</strong></span> <span class='ocrx_word' id='word_1_81' title='bbox 2264 1143 2337 1210; x_wconf 90' lang='lat' dir='ltr'><strong>in</strong></span> <span class='ocrx_word' id='word_1_82' title='bbox 2373 1167 2509 1211; x_wconf 81' lang='lat' dir='ltr'><strong>une</strong></span> <span class='ocrx_word' id='word_1_83' title='bbox 2553 1143 2909 1231; x_wconf 70' lang='lat' dir='ltr'><strong>eemplexu</strong></span> <span class='ocrx_word' id='word_1_84' title='bbox 2946 1167 3186 1211; x_wconf 64' lang='lat' dir='ltr'><strong>emues</strong></span> 
     </span>
     <span class='ocr_line' id='line_1_9' title="bbox 542 1249 3182 1341; baseline -0.001 -24"><span class='ocrx_word' id='word_1_85' title='bbox 542 1251 658 1317; x_wconf 90' lang='lat' dir='ltr'><strong>Dei</strong></span> <span class='ocrx_word' id='word_1_86' title='bbox 704 1249 902 1336; x_wconf 86' lang='lat' dir='ltr'><strong>regni</strong></span> <span class='ocrx_word' id='word_1_87' title='bbox 944 1249 1257 1316; x_wconf 89' lang='lat' dir='ltr'><strong>inimicos</strong></span> <span class='ocrx_word' id='word_1_88' title='bbox 1302 1251 1828 1341; x_wconf 89' lang='lat' dir='ltr'><strong>comprehensos</strong></span> <span class='ocrx_word' id='word_1_89' title='bbox 1866 1251 1996 1317; x_wconf 92' lang='lat' dir='ltr'><strong>tibi</strong></span> <span class='ocrx_word' id='word_1_90' title='bbox 2038 1259 2413 1341; x_wconf 42' lang='lat' dir='ltr'><strong>proponat-2</strong></span> <span class='ocrx_word' id='word_1_91' title='bbox 2465 1271 2545 1318; x_wconf 66' lang='lat' dir='ltr'><strong>ex</strong></span> <span class='ocrx_word' id='word_1_92' title='bbox 2597 1251 2849 1339; x_wconf 73' lang='lat' dir='ltr'><strong>quibus</strong></span> <span class='ocrx_word' id='word_1_93' title='bbox 2901 1251 3182 1315; x_wconf 76' lang='lat' dir='ltr'><strong>tendere</strong></span> 
     </span>
     <span class='ocr_line' id='line_1_10' title="bbox 544 1357 2332 1447; baseline 0 -24"><span class='ocrx_word' id='word_1_94' title='bbox 544 1379 664 1423; x_wconf 93' lang='lat' dir='ltr'><strong>suo</strong></span> <span class='ocrx_word' id='word_1_95' title='bbox 695 1364 999 1447; x_wconf 83' lang='lat' dir='ltr'><strong>tempore</strong></span> <span class='ocrx_word' id='word_1_96' title='bbox 1037 1362 1354 1443; x_wconf 80' lang='lat' dir='ltr'><strong>exsurget</strong></span> <span class='ocrx_word' id='word_1_97' title='bbox 1388 1357 1851 1424; x_wconf 81' lang='lat' dir='ltr'><strong>antichristus,</strong></span> <span class='ocrx_word' id='word_1_98' title='bbox 2331 1357 2332 1361; x_wconf 69' lang='grc'>’</span> 
     </span>
    </p>

    <p class='ocr_par' dir='ltr' id='par_1_3' title="bbox 545 1462 3206 3683">
     <span class='ocr_line' id='line_1_11' title="bbox 632 1462 3188 1553; baseline -0.002 -23"><span class='ocrx_word' id='word_1_99' title='bbox 632 1464 737 1530; x_wconf 87' lang='lat' dir='ltr'><strong>Uti</strong></span> <span class='ocrx_word' id='word_1_100' title='bbox 778 1463 915 1529; x_wconf 88' lang='lat' dir='ltr'><strong>iam</strong></span> <span class='ocrx_word' id='word_1_101' title='bbox 961 1485 1167 1553; x_wconf 87' lang='lat' dir='ltr'><strong>supra</strong></span> <span class='ocrx_word' id='word_1_102' title='bbox 1213 1462 1386 1546; x_wconf 85' lang='lat' dir='ltr'>dixi,</span> <span class='ocrx_word' id='word_1_103' title='bbox 1428 1463 1727 1550; x_wconf 79' lang='lat' dir='ltr'><strong>intelligi</strong></span> <span class='ocrx_word' id='word_1_104' title='bbox 1765 1463 2242 1530; x_wconf 88' lang='lat' dir='ltr'><strong>antichristum</strong></span> <span class='ocrx_word' id='word_1_105' title='bbox 2279 1463 2481 1529; x_wconf 80' lang='lat' dir='ltr'><strong>faeile</strong></span> <span class='ocrx_word' id='word_1_106' title='bbox 2513 1467 2954 1551; x_wconf 66' lang='lat' dir='ltr'><strong>consequitur</strong></span> <span class='ocrx_word' id='word_1_107' title='bbox 2990 1487 3070 1531; x_wconf 67' lang='lat' dir='ltr'><strong>ex</strong></span> <span class='ocrx_word' id='word_1_108' title='bbox 3106 1467 3188 1527; x_wconf 73' lang='lat' dir='ltr'><strong>iis</strong></span> 
     </span>
     <span class='ocr_line' id='line_1_12' title="bbox 546 1569 3186 1658; baseline 0 -23"><span class='ocrx_word' id='word_1_109' title='bbox 546 1591 723 1658; x_wconf 79' lang='lat' dir='ltr'><strong>quae</strong></span> <span class='ocrx_word' id='word_1_110' title='bbox 771 1570 830 1634; x_wconf 92' lang='lat' dir='ltr'><strong>ei</strong></span> <span class='ocrx_word' id='word_1_111' title='bbox 861 1569 992 1636; x_wconf 90' lang='lat' dir='ltr'><strong>hoc</strong></span> <span class='ocrx_word' id='word_1_112' title='bbox 1026 1569 1175 1636; x_wconf 88' lang='lat' dir='ltr'><strong>loco</strong></span> <span class='ocrx_word' id='word_1_113' title='bbox 1221 1570 1713 1650; x_wconf 83' lang='lat' dir='ltr'><strong>attribuuntur,</strong></span> <span class='ocrx_word' id='word_1_114' title='bbox 1772 1570 1828 1635; x_wconf 91' lang='lat' dir='ltr'><strong>si</strong></span> <span class='ocrx_word' id='word_1_115' title='bbox 1873 1592 1954 1636; x_wconf 84' lang='lat' dir='ltr'><strong>ea</strong></span> <span class='ocrx_word' id='word_1_116' title='bbox 1993 1569 2517 1637; x_wconf 78' lang='lat' dir='ltr'><strong>considerautur</strong></span> <span class='ocrx_word' id='word_1_117' title='bbox 2549 1571 2929 1635; x_wconf 78' lang='lat' dir='ltr'><strong>seeundum</strong></span> <span class='ocrx_word' id='word_1_118' title='bbox 2970 1571 3186 1635; x_wconf 84' lang='lat' dir='ltr'><strong>deeu-</strong></span> 
     </span>
     <span class='ocr_line' id='line_1_13' title="bbox 545 1675 3186 1767; baseline 0 -25"><span class='ocrx_word' id='word_1_119' title='bbox 545 1680 777 1742; x_wconf 86' lang='lat' dir='ltr'><strong>menta</strong></span> <span class='ocrx_word' id='word_1_120' title='bbox 796 1698 837 1741; x_wconf 88' lang='lat' dir='ltr'><strong>a</strong></span> <span class='ocrx_word' id='word_1_121' title='bbox 858 1680 922 1741; x_wconf 91' lang='lat' dir='ltr'><strong>S.</strong></span> <span class='ocrx_word' id='word_1_122' title='bbox 947 1675 1159 1742; x_wconf 89' lang='lat' dir='ltr'><strong>Paulo</strong></span> <span class='ocrx_word' id='word_1_123' title='bbox 1181 1675 1382 1741; x_wconf 92' lang='lat' dir='ltr'><strong>nobis</strong></span> <span class='ocrx_word' id='word_1_124' title='bbox 1411 1675 1662 1743; x_wconf 86' lang='lat' dir='ltr'><strong>tradita</strong></span> <span class='ocrx_word' id='word_1_125' title='bbox 1691 1682 1733 1743; x_wconf 74' lang='lat'><strong>2</strong></span> <span class='ocrx_word' id='word_1_126' title='bbox 1757 1677 1983 1742; x_wconf 80' lang='lat' dir='ltr'><strong>Thess,</strong></span> <span class='ocrx_word' id='word_1_127' title='bbox 2008 1682 2276 1757; x_wconf 78' lang='lat'><strong>2‚3-10.</strong></span> <span class='ocrx_word' id='word_1_128' title='bbox 2301 1683 2393 1744; x_wconf 69' lang='lat' dir='ltr'><strong>Er.</strong></span> <span class='ocrx_word' id='word_1_129' title='bbox 2421 1679 2501 1743; x_wconf 74' lang='lat' dir='ltr'><strong>iis</strong></span> <span class='ocrx_word' id='word_1_130' title='bbox 2525 1679 2950 1767; x_wconf 68' lang='lat' dir='ltr'><strong>petiseimum</strong></span> <span class='ocrx_word' id='word_1_131' title='bbox 2978 1679 3186 1743; x_wconf 72' lang='lat' dir='ltr'><strong>etiem</strong></span> 
     </span>
     <span class='ocr_line' id='line_1_14' title="bbox 546 1765 3190 1872; baseline -0 -24"><span class='ocrx_word' id='word_1_132' title='bbox 546 1781 830 1848; x_wconf 89' lang='lat' dir='ltr'><strong>indubie</strong></span> <span class='ocrx_word' id='word_1_133' title='bbox 860 1782 1207 1868; x_wconf 84' lang='lat' dir='ltr'><strong>colligitur</strong></span> <span class='ocrx_word' id='word_1_134' title='bbox 1235 1804 1449 1849; x_wconf 90' lang='lat' dir='ltr'><strong>cornu</strong></span> <span class='ocrx_word' id='word_1_135' title='bbox 1476 1782 1663 1872; x_wconf 89' lang='lat' dir='ltr'><strong>apud</strong></span> <span class='ocrx_word' id='word_1_136' title='bbox 1694 1765 2038 1850; x_wconf 76' lang='lat' dir='ltr'><strong>Danielem</strong></span> <span class='ocrx_word' id='word_1_137' title='bbox 2076 1805 2294 1849; x_wconf 90' lang='lat' dir='ltr'><strong>unum</strong></span> <span class='ocrx_word' id='word_1_138' title='bbox 2332 1787 2633 1871; x_wconf 71' lang='lat' dir='ltr'><strong>aliquem</strong></span> <span class='ocrx_word' id='word_1_139' title='bbox 2673 1783 3018 1851; x_wconf 78' lang='lat' dir='ltr'><strong>huminem</strong></span> <span class='ocrx_word' id='word_1_140' title='bbox 3058 1787 3190 1847; x_wconf 67' lang='lat' dir='ltr'><strong>ier²</strong></span> 
     </span>
     <span class='ocr_line' id='line_1_15' title="bbox 546 1887 3190 1979; baseline 0 -25"><span class='ocrx_word' id='word_1_141' title='bbox 546 1888 740 1977; x_wconf 93' lang='lat' dir='ltr'><strong>pium</strong></span> <span class='ocrx_word' id='word_1_142' title='bbox 779 1887 1129 1975; x_wconf 86' lang='lat' dir='ltr'><strong>designari</strong></span> <span class='ocrx_word' id='word_1_143' title='bbox 1175 1888 1486 1956; x_wconf 87' lang='lat' dir='ltr'><strong>hocloco</strong></span> <span class='ocrx_word' id='word_1_144' title='bbox 1534 1894 1600 1955; x_wconf 91' lang='lat' dir='ltr'><strong>et</strong></span> <span class='ocrx_word' id='word_1_145' title='bbox 1634 1889 1924 1978; x_wconf 88' lang='lat' dir='ltr'><strong>proinde</strong></span> <span class='ocrx_word' id='word_1_146' title='bbox 1956 1890 2160 1956; x_wconf 90' lang='lat' dir='ltr'><strong>etiam</strong></span> <span class='ocrx_word' id='word_1_147' title='bbox 2197 1891 2270 1956; x_wconf 91' lang='lat' dir='ltr'><strong>in</strong></span> <span class='ocrx_word' id='word_1_148' title='bbox 2308 1913 2373 1955; x_wconf 79' lang='lat' dir='ltr'><strong>v.</strong></span> <span class='ocrx_word' id='word_1_149' title='bbox 2421 1899 2501 1955; x_wconf 59' lang='lat' dir='ltr'><strong>ef*</strong></span> <span class='ocrx_word' id='word_1_150' title='bbox 2541 1915 2729 1979; x_wconf 58' lang='lat' dir='ltr'><strong>reyes</strong></span> <span class='ocrx_word' id='word_1_151' title='bbox 2761 1891 3190 1979; x_wconf 65' lang='lat' dir='ltr'><strong>probabilius</strong></span> 
     </span>
     <span class='ocr_line' id='line_1_16' title="bbox 551 1994 3190 2085; baseline -0 -25"><span class='ocrx_word' id='word_1_152' title='bbox 551 1994 877 2081; x_wconf 88' lang='lat' dir='ltr'><strong>intelligi,</strong></span> <span class='ocrx_word' id='word_1_153' title='bbox 906 2017 1044 2061; x_wconf 91' lang='lat' dir='ltr'><strong>non</strong></span> <span class='ocrx_word' id='word_1_154' title='bbox 1086 2016 1334 2082; x_wconf 88' lang='lat' dir='ltr'><strong>regna,</strong></span> <span class='ocrx_word' id='word_1_155' title='bbox 1384 1997 1692 2085; x_wconf 88' lang='lat' dir='ltr'><strong>quamvis</strong></span> <span class='ocrx_word' id='word_1_156' title='bbox 1726 2018 1927 2083; x_wconf 90' lang='lat' dir='ltr'><strong>reges</strong></span> <span class='ocrx_word' id='word_1_157' title='bbox 1964 2001 2032 2063; x_wconf 92' lang='lat' dir='ltr'><strong>et</strong></span> <span class='ocrx_word' id='word_1_158' title='bbox 2060 2018 2279 2083; x_wconf 89' lang='lat' dir='ltr'><strong>regna</strong></span> <span class='ocrx_word' id='word_1_159' title='bbox 2316 1997 2513 2063; x_wconf 77' lang='lat' dir='ltr'><strong>feeile</strong></span> <span class='ocrx_word' id='word_1_160' title='bbox 2549 1999 2729 2063; x_wconf 79' lang='lat' dir='ltr'><strong>iuter</strong></span> <span class='ocrx_word' id='word_1_161' title='bbox 2773 2019 2841 2063; x_wconf 74' lang='lat' dir='ltr'><strong>se</strong></span> <span class='ocrx_word' id='word_1_162' title='bbox 2881 2019 3190 2063; x_wconf 67' lang='lat' dir='ltr'><strong>eum-mu.-</strong></span> 
     </span>
     <span class='ocr_line' id='line_1_17' title="bbox 550 2101 3194 2191; baseline 0.001 -26"><span class='ocrx_word' id='word_1_163' title='bbox 550 2105 805 2166; x_wconf 84' lang='lat' dir='ltr'><strong>tentur.</strong></span> <span class='ocrx_word' id='word_1_164' title='bbox 849 2105 1189 2179; x_wconf 80' lang='lat' dir='ltr'><strong>Quantum</strong></span> <span class='ocrx_word' id='word_1_165' title='bbox 1221 2101 1440 2188; x_wconf 83' lang='lat' dir='ltr'><strong>igitur</strong></span> <span class='ocrx_word' id='word_1_166' title='bbox 1466 2124 1547 2167; x_wconf 82' lang='lat' dir='ltr'><strong>ex</strong></span> <span class='ocrx_word' id='word_1_167' title='bbox 1571 2102 1800 2168; x_wconf 87' lang='lat' dir='ltr'><strong>verbis</strong></span> <span class='ocrx_word' id='word_1_168' title='bbox 1824 2102 2084 2169; x_wconf 86' lang='lat' dir='ltr'><strong>oraculi</strong></span> <span class='ocrx_word' id='word_1_169' title='bbox 2114 2103 2521 2170; x_wconf 73' lang='lat' dir='ltr'><strong>concludere</strong></span> <span class='ocrx_word' id='word_1_170' title='bbox 2553 2103 2749 2183; x_wconf 76' lang='lat' dir='ltr'><strong>lieet,</strong></span> <span class='ocrx_word' id='word_1_171' title='bbox 2789 2111 2933 2167; x_wconf 79' lang='lat' dir='ltr'><strong>tum</strong></span> <span class='ocrx_word' id='word_1_172' title='bbox 2978 2127 3194 2191; x_wconf 80' lang='lat' dir='ltr'><strong>queu-</strong></span> 
     </span>
     <span class='ocr_line' id='line_1_18' title="bbox 553 2205 3194 2295; baseline 0.001 -22"><span class='ocrx_word' id='word_1_173' title='bbox 553 2205 641 2273; x_wconf 90' lang='lat' dir='ltr'><strong>do</strong></span> <span class='ocrx_word' id='word_1_174' title='bbox 680 2206 1118 2274; x_wconf 90' lang='lat' dir='ltr'><strong>antichristus</strong></span> <span class='ocrx_word' id='word_1_175' title='bbox 1155 2215 1423 2295; x_wconf 86' lang='lat' dir='ltr'><strong>surget,</strong></span> <span class='ocrx_word' id='word_1_176' title='bbox 1471 2213 1670 2275; x_wconf 87' lang='lat' dir='ltr'><strong>erunt</strong></span> <span class='ocrx_word' id='word_1_177' title='bbox 1713 2208 1950 2276; x_wconf 91' lang='lat' dir='ltr'><strong>decem</strong></span> <span class='ocrx_word' id='word_1_178' title='bbox 1991 2228 2224 2295; x_wconf 86' lang='lat' dir='ltr'><strong>reges;</strong></span> <span class='ocrx_word' id='word_1_179' title='bbox 2275 2209 2557 2276; x_wconf 73' lang='lat' dir='ltr'><strong>fortasse</strong></span> <span class='ocrx_word' id='word_1_180' title='bbox 2609 2211 2677 2275; x_wconf 87' lang='lat' dir='ltr'><strong>iu</strong></span> <span class='ocrx_word' id='word_1_181' title='bbox 2729 2231 2809 2275; x_wconf 83' lang='lat' dir='ltr'><strong>ee</strong></span> <span class='ocrx_word' id='word_1_182' title='bbox 2853 2215 3194 2275; x_wconf 79' lang='lat' dir='ltr'><strong>terrerum</strong></span> 
     </span>
     <span class='ocr_line' id='line_1_19' title="bbox 554 2314 3194 2406; baseline 0 -27"><span class='ocrx_word' id='word_1_183' title='bbox 554 2318 777 2380; x_wconf 90' lang='lat' dir='ltr'><strong>tractu</strong></span> <span class='ocrx_word' id='word_1_184' title='bbox 808 2336 1014 2403; x_wconf 91' lang='lat' dir='ltr'><strong>quem</strong></span> <span class='ocrx_word' id='word_1_185' title='bbox 1041 2314 1412 2404; x_wconf 90' lang='lat' dir='ltr'><strong>imperium</strong></span> <span class='ocrx_word' id='word_1_186' title='bbox 1444 2338 1808 2382; x_wconf 90' lang='lat' dir='ltr'><strong>romanum</strong></span> <span class='ocrx_word' id='word_1_187' title='bbox 1843 2316 2008 2381; x_wconf 92' lang='lat' dir='ltr'><strong>olim</strong></span> <span class='ocrx_word' id='word_1_188' title='bbox 2037 2319 2429 2406; x_wconf 72' lang='lat' dir='ltr'><strong>occupavit.</strong></span> <span class='ocrx_word' id='word_1_189' title='bbox 2461 2319 2513 2383; x_wconf 70' lang='lat' dir='ltr'><strong>ei</strong></span> <span class='ocrx_word' id='word_1_190' title='bbox 2545 2319 2641 2379; x_wconf 71' lang='lat' dir='ltr'><strong>ite</strong></span> <span class='ocrx_word' id='word_1_191' title='bbox 2673 2347 2701 2375; x_wconf 69' lang='grc' dir='ltr'><em>υ</em></span> <span class='ocrx_word' id='word_1_192' title='bbox 2741 2339 2821 2379; x_wconf 73' lang='lat' dir='ltr'><strong>es.-</strong></span> <span class='ocrx_word' id='word_1_193' title='bbox 2845 2319 2962 2379; x_wconf 64' lang='lat' dir='ltr'><strong>ifle</strong></span> <span class='ocrx_word' id='word_1_194' title='bbox 2990 2339 3194 2403; x_wconf 61' lang='lat' dir='ltr'><strong>rrysse</strong></span> 
     </span>
     <span class='ocr_line' id='line_1_20' title="bbox 557 2419 3194 2513; baseline 0 -26"><span class='ocrx_word' id='word_1_195' title='bbox 557 2419 792 2487; x_wconf 86' lang='lat' dir='ltr'><strong>decem</strong></span> <span class='ocrx_word' id='word_1_196' title='bbox 833 2441 1029 2505; x_wconf 89' lang='lat' dir='ltr'><strong>reges</strong></span> <span class='ocrx_word' id='word_1_197' title='bbox 1079 2426 1278 2486; x_wconf 88' lang='lat' dir='ltr'><strong>erunt</strong></span> <span class='ocrx_word' id='word_1_198' title='bbox 1320 2450 1350 2480; x_wconf 87' lang='lat'>»</span> <span class='ocrx_word' id='word_1_199' title='bbox 1396 2423 1735 2513; x_wconf 83' lang='lat' dir='ltr'><strong>explicare</strong></span> <span class='ocrx_word' id='word_1_200' title='bbox 1778 2422 2103 2488; x_wconf 86' lang='lat' dir='ltr'><strong>malueris</strong></span> <span class='ocrx_word' id='word_1_201' title='bbox 2145 2422 2234 2488; x_wconf 84' lang='lat' dir='ltr'><strong>ad</strong></span> <span class='ocrx_word' id='word_1_202' title='bbox 2282 2423 2585 2511; x_wconf 70' lang='lat' dir='ltr'><strong>aliquem</strong></span> <span class='ocrx_word' id='word_1_203' title='bbox 2629 2423 2990 2487; x_wconf 60' lang='lat' dir='ltr'><strong>verberum</strong></span> <span class='ocrx_word' id='word_1_204' title='bbox 3034 2443 3194 2511; x_wconf 86' lang='lat' dir='ltr'><strong>pre—</strong></span> 
     </span>
     <span class='ocr_line' id='line_1_21' title="bbox 558 2526 3194 2618; baseline 0 -27"><span class='ocrx_word' id='word_1_205' title='bbox 558 2527 916 2616; x_wconf 86' lang='lat' dir='ltr'><strong>prietatem</strong></span> <span class='ocrx_word' id='word_1_206' title='bbox 944 2526 1394 2593; x_wconf 85' lang='lat' dir='ltr'><strong>retinendam.</strong></span> <span class='ocrx_word' id='word_1_207' title='bbox 1433 2532 1589 2593; x_wconf 90' lang='lat' dir='ltr'><strong>Tres</strong></span> <span class='ocrx_word' id='word_1_208' title='bbox 1622 2550 1821 2615; x_wconf 88' lang='lat' dir='ltr'><strong>reges</strong></span> <span class='ocrx_word' id='word_1_209' title='bbox 1850 2529 2259 2618; x_wconf 88' lang='lat' dir='ltr'><strong>supprimet.</strong></span> <span class='ocrx_word' id='word_1_210' title='bbox 2289 2531 2453 2595; x_wconf 83' lang='lat' dir='ltr'><strong>Deiu</strong></span> <span class='ocrx_word' id='word_1_211' title='bbox 2485 2531 2777 2595; x_wconf 54' lang='lat' dir='ltr'><strong>emnium</strong></span> <span class='ocrx_word' id='word_1_212' title='bbox 2801 2531 3194 2615; x_wconf 64' lang='lat' dir='ltr'><strong>ert-egentia</strong></span> 
     </span>
     <span class='ocr_line' id='line_1_22' title="bbox 559 2632 3198 2723; baseline 0 -25"><span class='ocrx_word' id='word_1_213' title='bbox 559 2632 1023 2721; x_wconf 84' lang='lat' dir='ltr'><strong>blasphemias</strong></span> <span class='ocrx_word' id='word_1_214' title='bbox 1061 2634 1131 2699; x_wconf 90' lang='lat' dir='ltr'><strong>in</strong></span> <span class='ocrx_word' id='word_1_215' title='bbox 1162 2638 1373 2699; x_wconf 88' lang='lat' dir='ltr'><strong>Deum</strong></span> <span class='ocrx_word' id='word_1_216' title='bbox 1410 2632 1700 2715; x_wconf 87' lang='lat' dir='ltr'><strong>effutiet,</strong></span> <span class='ocrx_word' id='word_1_217' title='bbox 1736 2633 1972 2701; x_wconf 89' lang='lat' dir='ltr'><strong>fideles</strong></span> <span class='ocrx_word' id='word_1_218' title='bbox 2016 2635 2132 2701; x_wconf 88' lang='lat' dir='ltr'><strong>Dei</strong></span> <span class='ocrx_word' id='word_1_219' title='bbox 2177 2635 2465 2703; x_wconf 72' lang='lat' dir='ltr'><strong>cultures</strong></span> <span class='ocrx_word' id='word_1_220' title='bbox 2505 2635 2673 2699; x_wconf 73' lang='lat' dir='ltr'><strong>diris</strong></span> <span class='ocrx_word' id='word_1_221' title='bbox 2709 2635 3198 2723; x_wconf 67' lang='lat' dir='ltr'><strong>peffleeutieni-</strong></span> 
     </span>
     <span class='ocr_line' id='line_1_23' title="bbox 565 2739 3194 2828; baseline 0 -23"><span class='ocrx_word' id='word_1_222' title='bbox 565 2739 692 2805; x_wconf 89' lang='lat' dir='ltr'><strong>bus</strong></span> <span class='ocrx_word' id='word_1_223' title='bbox 728 2739 1032 2819; x_wconf 83' lang='lat' dir='ltr'><strong>vexabit,</strong></span> <span class='ocrx_word' id='word_1_224' title='bbox 1064 2752 1368 2828; x_wconf 78' lang='lat' dir='ltr'><strong>tempora</strong></span> <span class='ocrx_word' id='word_1_225' title='bbox 1397 2740 1445 2806; x_wconf 91' lang='lat' dir='ltr'><strong>i.</strong></span> <span class='ocrx_word' id='word_1_226' title='bbox 1481 2762 1540 2805; x_wconf 90' lang='lat' dir='ltr'><strong>e.</strong></span> <span class='ocrx_word' id='word_1_227' title='bbox 1577 2740 1722 2806; x_wconf 92' lang='lat' dir='ltr'><strong>dies</strong></span> <span class='ocrx_word' id='word_1_228' title='bbox 1757 2740 1962 2806; x_wconf 88' lang='lat' dir='ltr'><strong>festos</strong></span> <span class='ocrx_word' id='word_1_229' title='bbox 1999 2741 2213 2807; x_wconf 90' lang='lat' dir='ltr'><strong>cultui</strong></span> <span class='ocrx_word' id='word_1_230' title='bbox 2249 2743 2365 2807; x_wconf 86' lang='lat' dir='ltr'><strong>Dei</strong></span> <span class='ocrx_word' id='word_1_231' title='bbox 2409 2743 2773 2807; x_wconf 73' lang='lat' dir='ltr'><strong>destinates</strong></span> <span class='ocrx_word' id='word_1_232' title='bbox 2821 2741 3194 2827; x_wconf 65' lang='lat' dir='ltr'><strong>ebregerr,</strong></span> 
     </span>
     <span class='ocr_line' id='line_1_24' title="bbox 563 2843 3198 2938; baseline 0 -27"><span class='ocrx_word' id='word_1_233' title='bbox 563 2843 919 2934; x_wconf 88' lang='lat' dir='ltr'><strong>impedire,</strong></span> <span class='ocrx_word' id='word_1_234' title='bbox 952 2844 1224 2912; x_wconf 90' lang='lat' dir='ltr'><strong>abolere</strong></span> <span class='ocrx_word' id='word_1_235' title='bbox 1249 2845 1637 2925; x_wconf 81' lang='lat' dir='ltr'><strong>conabitur3</strong></span> <span class='ocrx_word' id='word_1_236' title='bbox 1674 2847 1835 2913; x_wconf 91' lang='lat' dir='ltr'><strong>item</strong></span> <span class='ocrx_word' id='word_1_237' title='bbox 1867 2846 2083 2938; x_wconf 75' lang='lat' dir='ltr'><strong>leqem</strong></span> <span class='ocrx_word' id='word_1_238' title='bbox 2126 2870 2169 2914; x_wconf 91' lang='lat' dir='ltr'><strong>a</strong></span> <span class='ocrx_word' id='word_1_239' title='bbox 2210 2852 2341 2914; x_wconf 89' lang='lat' dir='ltr'><strong>Deo</strong></span> <span class='ocrx_word' id='word_1_240' title='bbox 2381 2855 2701 2915; x_wconf 69' lang='lat' dir='ltr'><strong>statutum</strong></span> <span class='ocrx_word' id='word_1_241' title='bbox 2745 2851 2789 2915; x_wconf 85' lang='lat' dir='ltr'><strong>i</strong></span> <span class='ocrx_word' id='word_1_242' title='bbox 2825 2871 2881 2911; x_wconf 85' lang='lat' dir='ltr'><strong>e.</strong></span> <span class='ocrx_word' id='word_1_243' title='bbox 2925 2871 3198 2915; x_wconf 69' lang='lat' dir='ltr'><strong>emnem</strong></span> 
     </span>
     <span class='ocr_line' id='line_1_25' title="bbox 566 2950 3198 3043; baseline 0.001 -27"><span class='ocrx_word' id='word_1_244' title='bbox 566 2952 682 3017; x_wconf 88' lang='lat' dir='ltr'><strong>Dei</strong></span> <span class='ocrx_word' id='word_1_245' title='bbox 720 2950 1018 3035; x_wconf 87' lang='lat' dir='ltr'><strong>cultum,</strong></span> <span class='ocrx_word' id='word_1_246' title='bbox 1072 2952 1432 3042; x_wconf 85' lang='lat' dir='ltr'><strong>pietatem,</strong></span> <span class='ocrx_word' id='word_1_247' title='bbox 1479 2954 1900 3020; x_wconf 88' lang='lat' dir='ltr'><strong>sanctitatem</strong></span> <span class='ocrx_word' id='word_1_248' title='bbox 1961 2953 2413 3043; x_wconf 77' lang='lat' dir='ltr'><strong>ordinemque</strong></span> <span class='ocrx_word' id='word_1_249' title='bbox 2461 2955 2609 3039; x_wconf 74' lang='lat' dir='ltr'><strong>lege</strong></span> <span class='ocrx_word' id='word_1_250' title='bbox 2669 2955 2777 3019; x_wconf 71' lang='lat' dir='ltr'><strong>ssei</strong></span> <span class='ocrx_word' id='word_1_251' title='bbox 2825 2955 3198 3019; x_wconf 73' lang='lat' dir='ltr'><strong>stabilitum</strong></span> 
     </span>
     <span class='ocr_line' id='line_1_26' title="bbox 569 3057 3202 3152; baseline -0 -28"><span class='ocrx_word' id='word_1_252' title='bbox 569 3061 871 3124; x_wconf 87' lang='lat' dir='ltr'><strong>evertere</strong></span> <span class='ocrx_word' id='word_1_253' title='bbox 907 3057 1517 3152; x_wconf 22' lang='lat' dir='ltr'><strong>tentabitsOptime</strong></span> <span class='ocrx_word' id='word_1_254' title='bbox 1549 3060 1677 3126; x_wconf 93' lang='lat' dir='ltr'><strong>hoc</strong></span> <span class='ocrx_word' id='word_1_255' title='bbox 1720 3060 1916 3126; x_wconf 90' lang='lat' dir='ltr'><strong>nobis</strong></span> <span class='ocrx_word' id='word_1_256' title='bbox 1958 3061 2233 3150; x_wconf 85' lang='lat' dir='ltr'><strong>exponit</strong></span> <span class='ocrx_word' id='word_1_257' title='bbox 2281 3063 2625 3150; x_wconf 61' lang='lat' dir='ltr'><strong>aliestulus</strong></span> <span class='ocrx_word' id='word_1_258' title='bbox 2673 3063 2981 3143; x_wconf 67' lang='lat' dir='ltr'><strong>gentium</strong></span> <span class='ocrx_word' id='word_1_259' title='bbox 3028 3083 3042 3127; x_wconf 88' lang='lat'><strong>:</strong></span> <span class='ocrx_word' id='word_1_260' title='bbox 3086 3063 3202 3151; x_wconf 71' lang='lat' dir='ltr'><strong>qui</strong></span> 
     </span>
     <span class='ocr_line' id='line_1_27' title="bbox 569 3163 3206 3257; baseline 0 -26"><span class='ocrx_word' id='word_1_261' title='bbox 569 3163 972 3231; x_wconf 80' lang='lat' dir='ltr'><strong>adversatur</strong></span> <span class='ocrx_word' id='word_1_262' title='bbox 1007 3170 1074 3230; x_wconf 89' lang='lat' dir='ltr'><strong>et</strong></span> <span class='ocrx_word' id='word_1_263' title='bbox 1110 3165 1451 3232; x_wconf 82' lang='lat' dir='ltr'><strong>extollitur</strong></span> <span class='ocrx_word' id='word_1_264' title='bbox 1494 3188 1703 3256; x_wconf 83' lang='lat' dir='ltr'><strong>supra</strong></span> <span class='ocrx_word' id='word_1_265' title='bbox 1748 3189 1949 3234; x_wconf 86' lang='lat' dir='ltr'><strong>omne</strong></span> <span class='ocrx_word' id='word_1_266' title='bbox 1996 3166 2187 3257; x_wconf 89' lang='lat' dir='ltr'><strong>quod</strong></span> <span class='ocrx_word' id='word_1_267' title='bbox 2226 3166 2477 3233; x_wconf 80' lang='lat' dir='ltr'><strong>dicitur</strong></span> <span class='ocrx_word' id='word_1_268' title='bbox 2525 3175 2697 3231; x_wconf 77' lang='lat' dir='ltr'><strong>fleus</strong></span> <span class='ocrx_word' id='word_1_269' title='bbox 2737 3175 2853 3231; x_wconf 76' lang='lat' dir='ltr'><strong>eut</strong></span> <span class='ocrx_word' id='word_1_270' title='bbox 2877 3167 3062 3255; x_wconf 78' lang='lat' dir='ltr'><strong>qued</strong></span> <span class='ocrx_word' id='word_1_271' title='bbox 3098 3191 3206 3231; x_wconf 57' lang='lat' dir='ltr'><strong>ee*</strong></span> 
     </span>
     <span class='ocr_line' id='line_1_28' title="bbox 571 3271 3198 3363; baseline 0.001 -27"><span class='ocrx_word' id='word_1_272' title='bbox 571 3271 758 3352; x_wconf 89' lang='lat' dir='ltr'><strong>litur‚</strong></span> <span class='ocrx_word' id='word_1_273' title='bbox 801 3272 900 3337; x_wconf 92' lang='lat' dir='ltr'><strong>ita</strong></span> <span class='ocrx_word' id='word_1_274' title='bbox 947 3277 1020 3336; x_wconf 91' lang='lat' dir='ltr'><strong>ut</strong></span> <span class='ocrx_word' id='word_1_275' title='bbox 1056 3272 1128 3337; x_wconf 91' lang='lat' dir='ltr'><strong>in</strong></span> <span class='ocrx_word' id='word_1_276' title='bbox 1174 3272 1429 3362; x_wconf 88' lang='lat' dir='ltr'><strong>templo</strong></span> <span class='ocrx_word' id='word_1_277' title='bbox 1473 3274 1588 3340; x_wconf 90' lang='lat' dir='ltr'><strong>Dei</strong></span> <span class='ocrx_word' id='word_1_278' title='bbox 1632 3273 1863 3341; x_wconf 89' lang='lat' dir='ltr'><strong>sedeat</strong></span> <span class='ocrx_word' id='word_1_279' title='bbox 1906 3273 2266 3340; x_wconf 86' lang='lat' dir='ltr'><strong>ostendens</strong></span> <span class='ocrx_word' id='word_1_280' title='bbox 2310 3295 2377 3339; x_wconf 80' lang='lat' dir='ltr'><strong>se</strong></span> <span class='ocrx_word' id='word_1_281' title='bbox 2421 3283 2777 3363; x_wconf 70' lang='lat' dir='ltr'><strong>tamquam</strong></span> <span class='ocrx_word' id='word_1_282' title='bbox 2821 3275 2901 3339; x_wconf 78' lang='lat' dir='ltr'><strong>sit</strong></span> <span class='ocrx_word' id='word_1_283' title='bbox 2954 3279 3198 3339; x_wconf 72' lang='lat' dir='ltr'><strong>Heus...</strong></span> 
     </span>
     <span class='ocr_line' id='line_1_29' title="bbox 573 3376 3202 3469; baseline 0.002 -26"><span class='ocrx_word' id='word_1_284' title='bbox 573 3376 766 3443; x_wconf 89' lang='lat' dir='ltr'><strong>cuius</strong></span> <span class='ocrx_word' id='word_1_285' title='bbox 794 3377 1126 3444; x_wconf 91' lang='lat' dir='ltr'><strong>adventus</strong></span> <span class='ocrx_word' id='word_1_286' title='bbox 1155 3383 1255 3444; x_wconf 89' lang='lat' dir='ltr'><strong>est</strong></span> <span class='ocrx_word' id='word_1_287' title='bbox 1296 3379 1369 3444; x_wconf 91' lang='lat' dir='ltr'><strong>in</strong></span> <span class='ocrx_word' id='word_1_288' title='bbox 1417 3381 1606 3446; x_wconf 90' lang='lat' dir='ltr'><strong>omni</strong></span> <span class='ocrx_word' id='word_1_289' title='bbox 1654 3379 2045 3447; x_wconf 83' lang='lat' dir='ltr'><strong>seductione</strong></span> <span class='ocrx_word' id='word_1_290' title='bbox 2088 3380 2469 3469; x_wconf 66' lang='lat' dir='ltr'><strong>iniquita-,tis</strong></span> <span class='ocrx_word' id='word_1_291' title='bbox 2501 3383 2569 3467; x_wconf 63' lang='grc' dir='ltr'><strong>ιζ’-2,</strong></span> <span class='ocrx_word' id='word_1_292' title='bbox 2609 3383 2829 3447; x_wconf 77' lang='lat' dir='ltr'><strong>These.</strong></span> <span class='ocrx_word' id='word_1_293' title='bbox 2873 3387 3018 3459; x_wconf 47' lang='lat' dir='ltr'><strong>aa.</strong></span> <span class='ocrx_word' id='word_1_294' title='bbox 3070 3387 3202 3447; x_wconf 69' lang='lat' dir='ltr'><strong>issu.</strong></span> 
     </span>
     <span class='ocr_line' id='line_1_30' title="bbox 574 3482 3206 3575; baseline 0.001 -27"><span class='ocrx_word' id='word_1_295' title='bbox 574 3487 653 3549; x_wconf 89' lang='lat' dir='ltr'><strong>Et</strong></span> <span class='ocrx_word' id='word_1_296' title='bbox 690 3504 816 3573; x_wconf 89' lang='lat' dir='ltr'><strong>per</strong></span> <span class='ocrx_word' id='word_1_297' title='bbox 843 3482 1123 3572; x_wconf 84' lang='lat' dir='ltr'><strong>aliquod</strong></span> <span class='ocrx_word' id='word_1_298' title='bbox 1151 3489 1421 3573; x_wconf 89' lang='lat' dir='ltr'><strong>tempus</strong></span> <span class='ocrx_word' id='word_1_299' title='bbox 1468 3491 1639 3552; x_wconf 87' lang='lat' dir='ltr'><strong>Deus</strong></span> <span class='ocrx_word' id='word_1_300' title='bbox 1677 3485 2066 3575; x_wconf 83' lang='lat' dir='ltr'><strong>permittet,</strong></span> <span class='ocrx_word' id='word_1_301' title='bbox 2108 3491 2184 3551; x_wconf 89' lang='lat' dir='ltr'><strong>ut</strong></span> <span class='ocrx_word' id='word_1_302' title='bbox 2231 3495 2557 3553; x_wconf 74' lang='lat' dir='ltr'><strong>vexentur</strong></span> <span class='ocrx_word' id='word_1_303' title='bbox 2589 3495 2653 3551; x_wconf 79' lang='lat' dir='ltr'><strong>et.</strong></span> <span class='ocrx_word' id='word_1_304' title='bbox 2681 3492 3090 3575; x_wconf 74' lang='lat' dir='ltr'><strong>prementur</strong></span> <span class='ocrx_word' id='word_1_305' title='bbox 3114 3487 3206 3575; x_wconf 79' lang='lat' dir='ltr'><strong>pii</strong></span> 
     </span>
     <span class='ocr_line' id='line_1_31' title="bbox 577 3589 2665 3683; baseline 0.002 -28"><span class='ocrx_word' id='word_1_306' title='bbox 577 3590 690 3656; x_wconf 88' lang='lat' dir='ltr'><strong>Dei</strong></span> <span class='ocrx_word' id='word_1_307' title='bbox 721 3589 1042 3672; x_wconf 88' lang='lat' dir='ltr'><strong>cultores,</strong></span> <span class='ocrx_word' id='word_1_308' title='bbox 1077 3596 1153 3656; x_wconf 94' lang='lat' dir='ltr'><strong>ut</strong></span> <span class='ocrx_word' id='word_1_309' title='bbox 1187 3591 1333 3657; x_wconf 91' lang='lat' dir='ltr'><strong>eius</strong></span> <span class='ocrx_word' id='word_1_310' title='bbox 1376 3592 1692 3681; x_wconf 89' lang='lat' dir='ltr'><strong>potestati</strong></span> <span class='ocrx_word' id='word_1_311' title='bbox 1735 3597 1803 3658; x_wconf 92' lang='lat' dir='ltr'><strong>et</strong></span> <span class='ocrx_word' id='word_1_312' title='bbox 1829 3592 2181 3680; x_wconf 73' lang='lat' dir='ltr'><strong>tyrannidi</strong></span> <span class='ocrx_word' id='word_1_313' title='bbox 2213 3599 2665 3683; x_wconf 66' lang='lat' dir='ltr'><strong>expellentur.</strong></span> 
     </span>
    </p>

    <p class='ocr_par' dir='ltr' id='par_1_4' title="bbox 580 3696 3226 4847">
     <span class='ocr_line' id='line_1_32' title="bbox 666 3696 3206 3789; baseline 0 -28"><span class='ocrx_word' id='word_1_314' title='bbox 666 3699 957 3785; x_wconf 89' lang='lat' dir='ltr'><strong>Tempus</strong></span> <span class='ocrx_word' id='word_1_315' title='bbox 984 3696 1208 3785; x_wconf 91' lang='lat' dir='ltr'><strong>ipsum</strong></span> <span class='ocrx_word' id='word_1_316' title='bbox 1236 3698 1395 3763; x_wconf 86' lang='lat' dir='ltr'><strong>satis</strong></span> <span class='ocrx_word' id='word_1_317' title='bbox 1425 3699 1709 3764; x_wconf 88' lang='lat' dir='ltr'><strong>obscure</strong></span> <span class='ocrx_word' id='word_1_318' title='bbox 1736 3697 2138 3785; x_wconf 91' lang='lat' dir='ltr'><strong>designatur</strong></span> <span class='ocrx_word' id='word_1_319' title='bbox 2167 3717 2181 3778; x_wconf 90' lang='lat'>;</span> <span class='ocrx_word' id='word_1_320' title='bbox 2213 3697 2304 3765; x_wconf 88' lang='lat' dir='ltr'><strong>ad</strong></span> <span class='ocrx_word' id='word_1_321' title='bbox 2345 3707 2609 3787; x_wconf 76' lang='lat' dir='ltr'><strong>tempus</strong></span> <span class='ocrx_word' id='word_1_322' title='bbox 2637 3707 2701 3763; x_wconf 78' lang='lat' dir='ltr'><strong>et</strong></span> <span class='ocrx_word' id='word_1_323' title='bbox 2737 3699 2865 3767; x_wconf 54' lang='lat' dir='ltr'><strong>{suu</strong></span> <span class='ocrx_word' id='word_1_324' title='bbox 2897 3707 3206 3789; x_wconf 69' lang='lat' dir='ltr'><strong>tempere</strong></span> 
     </span>
     <span class='ocr_line' id='line_1_33' title="bbox 581 3801 3210 3895; baseline 0 -26"><span class='ocrx_word' id='word_1_325' title='bbox 581 3804 705 3892; x_wconf 83' lang='lat' dir='ltr'><strong>(ita</strong></span> <span class='ocrx_word' id='word_1_326' title='bbox 735 3801 1188 3891; x_wconf 86' lang='lat' dir='ltr'><strong>probabiliter</strong></span> <span class='ocrx_word' id='word_1_327' title='bbox 1214 3810 1281 3868; x_wconf 88' lang='lat' dir='ltr'><strong>et</strong></span> <span class='ocrx_word' id='word_1_328' title='bbox 1313 3805 1765 3870; x_wconf 87' lang='lat' dir='ltr'><strong>communiter</strong></span> <span class='ocrx_word' id='word_1_329' title='bbox 1790 3804 2159 3893; x_wconf 85' lang='lat' dir='ltr'><strong>explicant,</strong></span> <span class='ocrx_word' id='word_1_330' title='bbox 2195 3827 2349 3871; x_wconf 89' lang='lat' dir='ltr'><strong>cum</strong></span> <span class='ocrx_word' id='word_1_331' title='bbox 2389 3827 2593 3871; x_wconf 79' lang='lat' dir='ltr'><strong>nume</strong></span> <span class='ocrx_word' id='word_1_332' title='bbox 2605 3831 2713 3871; x_wconf 74' lang='lat' dir='ltr'><strong>rus</strong></span> <span class='ocrx_word' id='word_1_333' title='bbox 2753 3807 3034 3895; x_wconf 73' lang='lat' dir='ltr'><strong>pluralis</strong></span> <span class='ocrx_word' id='word_1_334' title='bbox 3066 3827 3210 3871; x_wconf 73' lang='lat' dir='ltr'><strong>eru-</strong></span> 
     </span>
     <span class='ocr_line' id='line_1_34' title="bbox 581 3908 3213 3999; baseline -0.001 -23"><span class='ocrx_word' id='word_1_335' title='bbox 581 3909 796 3976; x_wconf 85' lang='lat' dir='ltr'><strong>maice</strong></span> <span class='ocrx_word' id='word_1_336' title='bbox 835 3909 1044 3975; x_wconf 91' lang='lat' dir='ltr'><strong>etiam</strong></span> <span class='ocrx_word' id='word_1_337' title='bbox 1087 3931 1212 3999; x_wconf 90' lang='lat' dir='ltr'><strong>pro</strong></span> <span class='ocrx_word' id='word_1_338' title='bbox 1242 3908 1430 3976; x_wconf 88' lang='lat' dir='ltr'><strong>duali</strong></span> <span class='ocrx_word' id='word_1_339' title='bbox 1474 3909 1565 3975; x_wconf 89' lang='lat' dir='ltr'><strong>ad</strong></span> <span class='ocrx_word' id='word_1_340' title='bbox 1590 3932 1720 3998; x_wconf 91' lang='lat' dir='ltr'><strong>par</strong></span> <span class='ocrx_word' id='word_1_341' title='bbox 1751 3911 1864 3977; x_wconf 89' lang='lat' dir='ltr'><strong>vel</strong></span> <span class='ocrx_word' id='word_1_342' title='bbox 1898 3911 2065 3978; x_wconf 86' lang='lat' dir='ltr'><strong>bina</strong></span> <span class='ocrx_word' id='word_1_343' title='bbox 2103 3911 2489 3979; x_wconf 76' lang='lat' dir='ltr'><strong>denotaude</strong></span> <span class='ocrx_word' id='word_1_344' title='bbox 2525 3915 2958 3999; x_wconf 68' lang='lat' dir='ltr'><strong>adhiheatur]</strong></span> <span class='ocrx_word' id='word_1_345' title='bbox 3010 3919 3074 3979; x_wconf 81' lang='lat' dir='ltr'><strong>et</strong></span> <span class='ocrx_word' id='word_1_346' title='bbox 3106 3911 3213 3975; x_wconf 52' lang='lat' dir='ltr'><strong>di*-</strong></span> 
     </span>
     <span class='ocr_line' id='line_1_35' title="bbox 580 4015 3210 4107; baseline 0 -25"><span class='ocrx_word' id='word_1_347' title='bbox 580 4015 870 4082; x_wconf 87' lang='lat' dir='ltr'><strong>midium</strong></span> <span class='ocrx_word' id='word_1_348' title='bbox 917 4019 1220 4105; x_wconf 87' lang='lat' dir='ltr'><strong>tempus;</strong></span> <span class='ocrx_word' id='word_1_349' title='bbox 1265 4016 1352 4082; x_wconf 81' lang='lat' dir='ltr'><strong>cf.</strong></span> <span class='ocrx_word' id='word_1_350' title='bbox 1412 4021 1589 4097; x_wconf 79' lang='lat'><strong>12‚7.</strong></span> <span class='ocrx_word' id='word_1_351' title='bbox 1636 4018 2030 4084; x_wconf 88' lang='lat' dir='ltr'><strong>Communis</strong></span> <span class='ocrx_word' id='word_1_352' title='bbox 2059 4023 2288 4084; x_wconf 87' lang='lat' dir='ltr'><strong>tamen</strong></span> <span class='ocrx_word' id='word_1_353' title='bbox 2325 4027 2637 4083; x_wconf 64' lang='lat' dir='ltr'><strong>veterum</strong></span> <span class='ocrx_word' id='word_1_354' title='bbox 2665 4019 2966 4107; x_wconf 78' lang='lat' dir='ltr'><strong>eeeeptie</strong></span> <span class='ocrx_word' id='word_1_355' title='bbox 3006 4019 3142 4083; x_wconf 79' lang='lat' dir='ltr'><strong>iem</strong></span> <span class='ocrx_word' id='word_1_356' title='bbox 3178 4043 3210 4083; x_wconf 77' lang='lat' dir='ltr'><strong>e</strong></span> 
     </span>
     <span class='ocr_line' id='line_1_36' title="bbox 583 4120 3215 4214; baseline -0.002 -24"><span class='ocrx_word' id='word_1_357' title='bbox 583 4124 655 4190; x_wconf 91' lang='lat' dir='ltr'><strong>S.</strong></span> <span class='ocrx_word' id='word_1_358' title='bbox 690 4122 906 4212; x_wconf 78' lang='lat' dir='ltr'><strong>Epkr.</strong></span> <span class='ocrx_word' id='word_1_359' title='bbox 938 4121 1099 4211; x_wconf 59' lang='lat' dir='ltr'><strong>szv.</strong></span> <span class='ocrx_word' id='word_1_360' title='bbox 1131 4120 1321 4187; x_wconf 80' lang='lat' dir='ltr'><strong>Hier.</strong></span> <span class='ocrx_word' id='word_1_361' title='bbox 1359 4120 1602 4189; x_wconf 72' lang='lat' dir='ltr'><strong>Theod.</strong></span> <span class='ocrx_word' id='word_1_362' title='bbox 1642 4127 1767 4188; x_wconf 88' lang='lat' dir='ltr'><strong>etc.</strong></span> <span class='ocrx_word' id='word_1_363' title='bbox 1812 4125 2162 4214; x_wconf 89' lang='lat' dir='ltr'><strong>proposita</strong></span> <span class='ocrx_word' id='word_1_364' title='bbox 2200 4129 2266 4191; x_wconf 88' lang='lat' dir='ltr'><strong>et</strong></span> <span class='ocrx_word' id='word_1_365' title='bbox 2294 4145 2332 4190; x_wconf 89' lang='lat' dir='ltr'><strong>a</strong></span> <span class='ocrx_word' id='word_1_366' title='bbox 2365 4127 2593 4191; x_wconf 78' lang='lat' dir='ltr'><strong>multis</strong></span> <span class='ocrx_word' id='word_1_367' title='bbox 2633 4127 2837 4191; x_wconf 81' lang='lat' dir='ltr'><strong>etiem</strong></span> <span class='ocrx_word' id='word_1_368' title='bbox 2881 4127 3215 4191; x_wconf 67' lang='lat' dir='ltr'><strong>reeetitie—</strong></span> 
     </span>
     <span class='ocr_line' id='line_1_37' title="bbox 584 4228 3218 4326; baseline -0 -33"><span class='ocrx_word' id='word_1_369' title='bbox 584 4228 775 4294; x_wconf 92' lang='lat' dir='ltr'><strong>ribus</strong></span> <span class='ocrx_word' id='word_1_370' title='bbox 803 4228 1126 4317; x_wconf 86' lang='lat' dir='ltr'><strong>adoptata</strong></span> <span class='ocrx_word' id='word_1_371' title='bbox 1154 4235 1285 4326; x_wconf 65' lang='lat' dir='ltr'><strong>est,</strong></span> <span class='ocrx_word' id='word_1_372' title='bbox 1320 4233 1397 4294; x_wconf 90' lang='lat' dir='ltr'><strong>ut</strong></span> <span class='ocrx_word' id='word_1_373' title='bbox 1437 4234 1704 4318; x_wconf 89' lang='lat' dir='ltr'><strong>tempus</strong></span> <span class='ocrx_word' id='word_1_374' title='bbox 1752 4230 1839 4295; x_wconf 92' lang='lat' dir='ltr'><strong>de</strong></span> <span class='ocrx_word' id='word_1_375' title='bbox 1874 4253 2054 4297; x_wconf 84' lang='lat' dir='ltr'><strong>anno</strong></span> <span class='ocrx_word' id='word_1_376' title='bbox 2094 4231 2517 4317; x_wconf 77' lang='lat' dir='ltr'><strong>intelligutur</strong></span> <span class='ocrx_word' id='word_1_377' title='bbox 2545 4239 2613 4296; x_wconf 83' lang='lat' dir='ltr'><strong>et</strong></span> <span class='ocrx_word' id='word_1_378' title='bbox 2649 4235 2849 4319; x_wconf 82' lang='lat' dir='ltr'><strong>prein</strong></span> <span class='ocrx_word' id='word_1_379' title='bbox 2889 4231 3050 4299; x_wconf 81' lang='lat' dir='ltr'><strong>euni</strong></span> <span class='ocrx_word' id='word_1_380' title='bbox 3090 4239 3218 4295; x_wconf 69' lang='lat' dir='ltr'><strong>tres</strong></span> 
     </span>
     <span class='ocr_line' id='line_1_38' title="bbox 585 4332 3214 4426; baseline 0.001 -27"><span class='ocrx_word' id='word_1_381' title='bbox 585 4339 652 4399; x_wconf 90' lang='lat' dir='ltr'><strong>et</strong></span> <span class='ocrx_word' id='word_1_382' title='bbox 678 4332 1006 4400; x_wconf 89' lang='lat' dir='ltr'><strong>dimidius</strong></span> <span class='ocrx_word' id='word_1_383' title='bbox 1056 4332 1499 4424; x_wconf 85' lang='lat' dir='ltr'><strong>explicentur.</strong></span> <span class='ocrx_word' id='word_1_384' title='bbox 1542 4334 1646 4400; x_wconf 81' lang='lat' dir='ltr'><strong>Ad</strong></span> <span class='ocrx_word' id='word_1_385' title='bbox 1678 4357 1887 4425; x_wconf 87' lang='lat' dir='ltr'><strong>quam</strong></span> <span class='ocrx_word' id='word_1_386' title='bbox 1932 4336 2557 4426; x_wconf 82' lang='lat' dir='ltr'><strong>interpretatieuem</strong></span> <span class='ocrx_word' id='word_1_387' title='bbox 2593 4335 3214 4403; x_wconf 67' lang='lat' dir='ltr'><strong>commendandam</strong></span> 
     </span>
     <span class='ocr_line' id='line_1_39' title="bbox 583 4440 3222 4531; baseline 0.001 -27"><span class='ocrx_word' id='word_1_388' title='bbox 583 4440 895 4529; x_wconf 89' lang='lat' dir='ltr'><strong>plerique</strong></span> <span class='ocrx_word' id='word_1_389' title='bbox 924 4444 1293 4529; x_wconf 90' lang='lat' dir='ltr'><strong>provocant</strong></span> <span class='ocrx_word' id='word_1_390' title='bbox 1317 4440 1407 4506; x_wconf 92' lang='lat' dir='ltr'><strong>ad</strong></span> <span class='ocrx_word' id='word_1_391' title='bbox 1431 4444 1638 4530; x_wconf 83' lang='lat' dir='ltr'><strong>Apoc.</strong></span> <span class='ocrx_word' id='word_1_392' title='bbox 1679 4448 1840 4523; x_wconf 79' lang='lat'><strong>11,2</strong></span> <span class='ocrx_word' id='word_1_393' title='bbox 1870 4447 1937 4509; x_wconf 91' lang='lat' dir='ltr'><strong>et</strong></span> <span class='ocrx_word' id='word_1_394' title='bbox 1967 4449 2120 4524; x_wconf 85' lang='lat'><strong>13,5</strong></span> <span class='ocrx_word' id='word_1_395' title='bbox 2146 4443 2255 4508; x_wconf 89' lang='lat' dir='ltr'><strong>vel</strong></span> <span class='ocrx_word' id='word_1_396' title='bbox 2280 4447 2485 4511; x_wconf 76' lang='lat' dir='ltr'><strong>etiem</strong></span> <span class='ocrx_word' id='word_1_397' title='bbox 2513 4443 2601 4511; x_wconf 74' lang='lat' dir='ltr'><strong>ed</strong></span> <span class='ocrx_word' id='word_1_398' title='bbox 2639 4451 2817 4527; x_wconf 45' lang='lat'><strong>1253.</strong></span> <span class='ocrx_word' id='word_1_399' title='bbox 2861 4451 2966 4511; x_wconf 68' lang='lat'><strong>15..</strong></span> <span class='ocrx_word' id='word_1_400' title='bbox 3002 4447 3222 4531; x_wconf 64' lang='lat' dir='ltr'><strong>Atque</strong></span> 
     </span>
     <span class='ocr_line' id='line_1_40' title="bbox 589 4545 3218 4635; baseline 0 -21"><span class='ocrx_word' id='word_1_401' title='bbox 589 4553 745 4626; x_wconf 87' lang='lat'><strong>13,5</strong></span> <span class='ocrx_word' id='word_1_402' title='bbox 787 4545 1066 4634; x_wconf 84' lang='lat' dir='ltr'><strong>quidem</strong></span> <span class='ocrx_word' id='word_1_403' title='bbox 1101 4568 1258 4612; x_wconf 92' lang='lat' dir='ltr'><strong>cum</strong></span> <span class='ocrx_word' id='word_1_404' title='bbox 1298 4546 1626 4615; x_wconf 86' lang='lat' dir='ltr'><strong>allusione</strong></span> <span class='ocrx_word' id='word_1_405' title='bbox 1657 4548 1746 4614; x_wconf 92' lang='lat' dir='ltr'><strong>ad</strong></span> <span class='ocrx_word' id='word_1_406' title='bbox 1775 4549 2130 4615; x_wconf 89' lang='lat' dir='ltr'><strong>oraculum</strong></span> <span class='ocrx_word' id='word_1_407' title='bbox 2178 4555 2481 4615; x_wconf 82' lang='lat' dir='ltr'><strong>nostrum</strong></span> <span class='ocrx_word' id='word_1_408' title='bbox 2517 4551 2769 4635; x_wconf 63' lang='lat' dir='ltr'><strong>leg-itur</strong></span> <span class='ocrx_word' id='word_1_409' title='bbox 2801 4571 2817 4615; x_wconf 88' lang='lat'>:</span> <span class='ocrx_word' id='word_1_410' title='bbox 2865 4555 2933 4615; x_wconf 80' lang='lat' dir='ltr'><strong>et</strong></span> <span class='ocrx_word' id='word_1_411' title='bbox 2982 4551 3218 4615; x_wconf 65' lang='lat' dir='ltr'><strong>:letum</strong></span> 
     </span>
     <span class='ocr_line' id='line_1_41' title="bbox 590 4652 3222 4747; baseline -0.001 -27"><span class='ocrx_word' id='word_1_412' title='bbox 590 4658 689 4720; x_wconf 91' lang='lat' dir='ltr'><strong>est</strong></span> <span class='ocrx_word' id='word_1_413' title='bbox 716 4653 780 4718; x_wconf 93' lang='lat' dir='ltr'><strong>ei</strong></span> <span class='ocrx_word' id='word_1_414' title='bbox 814 4674 887 4718; x_wconf 89' lang='lat' dir='ltr'><strong>os</strong></span> <span class='ocrx_word' id='word_1_415' title='bbox 934 4652 1219 4740; x_wconf 90' lang='lat' dir='ltr'><strong>loquens</strong></span> <span class='ocrx_word' id='word_1_416' title='bbox 1263 4674 1519 4740; x_wconf 87' lang='lat' dir='ltr'><strong>magna</strong></span> <span class='ocrx_word' id='word_1_417' title='bbox 1557 4660 1624 4720; x_wconf 89' lang='lat' dir='ltr'><strong>et</strong></span> <span class='ocrx_word' id='word_1_418' title='bbox 1651 4654 2119 4744; x_wconf 87' lang='lat' dir='ltr'><strong>blasphemias</strong></span> <span class='ocrx_word' id='word_1_419' title='bbox 2160 4661 2226 4722; x_wconf 85' lang='lat' dir='ltr'><strong>et</strong></span> <span class='ocrx_word' id='word_1_420' title='bbox 2254 4656 2413 4723; x_wconf 68' lang='lat' dir='ltr'><strong>datu,</strong></span> <span class='ocrx_word' id='word_1_421' title='bbox 2441 4667 2541 4723; x_wconf 72' lang='lat' dir='ltr'><strong>est</strong></span> <span class='ocrx_word' id='word_1_422' title='bbox 2573 4659 2629 4723; x_wconf 85' lang='lat' dir='ltr'><strong>ei</strong></span> <span class='ocrx_word' id='word_1_423' title='bbox 2677 4663 2966 4747; x_wconf 73' lang='lat' dir='ltr'><strong>petestes</strong></span> <span class='ocrx_word' id='word_1_424' title='bbox 2998 4655 3222 4719; x_wconf 65' lang='lat' dir='ltr'><strong>faeere</strong></span> 
     </span>
     <span class='ocr_line' id='line_1_42' title="bbox 590 4757 3226 4847; baseline 0 -21"><span class='ocrx_word' id='word_1_425' title='bbox 590 4781 853 4827; x_wconf 90' lang='lat' dir='ltr'><strong>menses</strong></span> <span class='ocrx_word' id='word_1_426' title='bbox 891 4757 1352 4847; x_wconf 86' lang='lat' dir='ltr'><strong>quadraginta</strong></span> <span class='ocrx_word' id='word_1_427' title='bbox 1381 4759 1582 4843; x_wconf 90' lang='lat' dir='ltr'><strong>duos;</strong></span> <span class='ocrx_word' id='word_1_428' title='bbox 1626 4760 1830 4826; x_wconf 89' lang='lat' dir='ltr'><strong>simili</strong></span> <span class='ocrx_word' id='word_1_429' title='bbox 1868 4761 2072 4828; x_wconf 91' lang='lat' dir='ltr'><strong>modo</strong></span> <span class='ocrx_word' id='word_1_430' title='bbox 2105 4768 2263 4845; x_wconf 82' lang='lat'><strong>11,2</strong></span> <span class='ocrx_word' id='word_1_431' title='bbox 2299 4784 2314 4828; x_wconf 92' lang='lat'>:</span> <span class='ocrx_word' id='word_1_432' title='bbox 2357 4767 2697 4831; x_wconf 74' lang='lat' dir='ltr'><strong>eiritetesu</strong></span> <span class='ocrx_word' id='word_1_433' title='bbox 2741 4771 3042 4831; x_wconf 77' lang='lat' dir='ltr'><strong>seuetem</strong></span> <span class='ocrx_word' id='word_1_434' title='bbox 3086 4763 3226 4827; x_wconf 77' lang='lat' dir='ltr'><strong>eel-</strong></span> 
     </span>
    </p>
   </div>
  </div>
 </body>
</html>
