3550 5367
789 325 868 383 nm.
892 327 922 393 a,
947 328 985 385 aa
1486 330 1544 389 aaa
1650 405 1653 413 Ι

271 476 416 534 Ceterum
440 473 471 532 in
496 473 687 551 assiguando
703 478 846 553 tempere
861 476 987 553 quando
1004 476 1115 536 exierit
1131 494 1234 537 sermo
1250 478 1387 537 maxima
1406 479 1547 539 cernitur

222 572 442 649 interpretum
460 570 630 631 dissensio.
648 574 685 631 ut
700 572 853 651 Origenes
868 574 998 651 quidem
1016 574 1059 653 (iu
1074 580 1246 635 comment.
1268 575 1375 636 blatth.
1394 576 1433 635 ad
1450 594 1475 635 c.
1494 574 1544 655 01)

221 670 268 729 ab
285 669 384 728 Adam
400 669 512 746 incipit
523 687 711 737 numerare:
726 670 771 730 ibi
787 673 874 731 enim
888 675 925 731 10
944 671 1038 732 hebd.
1057 674 1192 751 explicat
1207 673 1245 733 de
1262 672 1349 734 1000
1361 673 1467 750 annis3
1485 673 1545 733 ali-

225 776 290 840 ter,
309 774 342 827 ut
353 768 385 827 S.
403 768 487 826 Hiar.
504 766 616 839 refert,
635 769 760 828 censuit
773 768 806 827 in
826 769 952 830 decimo
966 772 1161 831 stromatum
1180 771 1342 830 volumine
1361 788 1368 829 :
1388 794 1401 825 α
1420 771 1544 831 studie-

224 866 300 924 sius
321 864 511 941 requirenda
535 870 608 925 sunt
625 869 771 943 tempora
792 867 928 944 aprime
952 885 1035 927 anno
1055 868 1141 928 Darii
1157 867 1214 927 filii
1237 868 1363 927 assueri
1382 886 1483 945 usque
1506 869 1545 927 ad

223 963 400 1022 adventurn
416 962 528 1022 Christi
546 967 625 1039 quot
644 964 718 1023 anni
735 963 798 1023 sint
815 970 941 1041 atquae
963 965 1076 1025 inillis
1097 971 1185 1044 gesta
1205 965 1358 1037 dieantur,
1380 971 1411 1025 et
1432 965 1544 1025 riden-

209 1060 306 1119 dum
322 1064 370 1119 est
383 1078 422 1119 an
438 1077 475 1119 ea
492 1061 655 1138 possimus
674 1060 824 1121 adventui
842 1063 967 1122 Domini
985 1068 1177 1141 coaptare».
1195 1066 1220 1123 A
1235 1064 1340 1140 primo
1362 1080 1445 1123 anno
1460 1063 1544 1128 Darii

226 1157 314 1217 Hedi
326 1158 421 1217 etiam
432 1163 601 1218 numerant
610 1158 682 1236 Hip.
695 1159 793 1219 lulius
804 1160 998 1233 Hilarinum,
1011 1161 1258 1239 Polychronius,
1272 1162 1381 1221 Petrus
1393 1160 1544 1239 ltlpbonsi

225 1273 326 1332 quem
337 1254 451 1314 Petrus
466 1255 639 1315 blessensis
654 1257 808 1333 sequitur.
828 1262 851 1317 Α
867 1257 972 1336 primo
989 1259 1039 1318 vel
1056 1258 1194 1319 secundo
1206 1276 1288 1319 auno
1302 1260 1389 1336 Cyri,
1406 1259 1456 1318 cui
1472 1258 1545 1318 anni
1588 1326 1590 1335 ,

225 1353 318 1431 regni
331 1352 371 1412 30
378 1352 611 1423 adscribuntur,
626 1354 790 1414 exordium
806 1355 997 1415 numerandi
1011 1356 1142 1433 capiunt
1155 1356 1299 1417 Clemens
1312 1356 1544 1426 alexandrinus,

221 1450 562 1527 Pseudo-Cyprianus,
580 1453 734 1512 Eusebius
749 1452 793 1530 (in
810 1454 914 1531 prima
929 1453 1193 1533 computatione),
1211 1454 1264 1531 qui
1280 1458 1386 1513 umen
1402 1454 1434 1514 in
1448 1453 1547 1513 altera

223 1566 243 1607 a
256 1552 347 1607 sento
359 1565 442 1607 anno
454 1548 536 1607 Darii
553 1549 703 1627 Hystaspi
723 1555 884 1620 numerat,
901 1550 1014 1611 Petrus
1035 1550 1293 1625 archidiaconus;
1312 1552 1472 1629 Sulpicius
1488 1552 1545 1611 Se-

224 1662 322 1705 verus
343 1645 458 1723 incipit
476 1645 515 1705 ab
528 1663 610 1705 anno
625 1646 724 1707 altero
739 1648 825 1706 Darii
839 1647 967 1725 (nothi),
987 1670 1001 1702 (ι
1015 1650 1065 1709 eui
1082 1648 1185 1709 Ochus
1200 1654 1271 1708 tum
1293 1666 1409 1709 nomen
1431 1652 1497 1709 erat
1515 1673 1541 1719 »,

224 1742 440 1803 Tertullianus
453 1760 529 1802 rere
544 1744 584 1803 ab
599 1744 744 1805 eiusdem
758 1762 840 1805 anno
852 1746 959 1824 primo
973 1764 1113 1823 eumque
1127 1752 1305 1824 sequuntur
1315 1747 1454 1807 lulianus
1466 1747 1545 1806 tole-

225 1848 330 1909 tanus,
345 1840 457 1900 Petrus
465 1840 649 1912 Damianus,
662 1844 774 1902 Petrus
792 1843 967 1915 Mauritius3
984 1844 1122 1904 Basilius
1138 1844 1480 1905 seleuciensisinitium
1494 1861 1544 1904 ca-

223 1939 275 2016 pit
289 1938 327 1997 ab
343 1937 431 1997 urbis
445 1937 681 2008 aedificatione,
699 1957 795 2015 quam
811 1940 934 1999 linitam
950 1958 1020 2000 esse
1037 1940 1113 2001 dicit
1129 1958 1167 2001 er
1184 1940 1291 2001 Flavio
1313 1940 1446 2019 losepho
1461 1958 1544 2001 annu

223 2038 265 2096 28
281 2035 405 2107 Xerxis;
426 2035 465 2094 cl.
482 2034 593 2095 Freidl
608 2053 639 2114 p.
655 2038 714 2095 tau
728 2054 795 2113 seq.

267 2135 377 2210 Neque
392 2132 498 2192 minor
512 2137 559 2192 est
573 2134 709 2193 varietas
726 2134 809 2193 inter
829 2136 1034 2195 recentiores.
1050 2135 1112 2194 Alii
1133 2136 1219 2194 enirn
1236 2136 1391 2213 incipiunt
1409 2136 1448 2195 ab
1461 2153 1542 2195 anno

221 2235 338 2309 quarto
351 2230 470 2290 loakim
482 2229 682 2310 (Hordeum),
695 2234 763 2291 Vat.
777 2248 795 2290 a
808 2232 959 2291 vaticinio
972 2233 1030 2293 ler.
1045 2234 1153 2306 29,10;
1166 2234 1264 2293 Calm.
1278 2232 1310 2292 in
1323 2232 1545 2316 dissertatione

222 2348 241 2387 a
257 2328 408 2387 vaticinio
428 2328 487 2387 ler.
502 2330 609 2402 50.19;
628 2330 769 2406 Lyranus
784 2327 817 2387 in
832 2329 930 2388 altera
946 2331 1180 2407 computatione
1195 2348 1213 2389 a
1228 2329 1337 2407 quinte
1352 2348 1434 2390 anno
1447 2329 1545 2389 Sede-

223 2426 309 2495 ciae‚
325 2426 363 2484 ab
379 2425 450 2485 eius
465 2430 577 2502 quarto
590 2443 673 2485 anno
690 2426 888 2486 Haimundus
905 2426 1045 2499 llartini,
1061 2427 1176 2487 Paulus
1191 2427 1360 2506 burgensis
1381 2432 1411 2487 et
1429 2427 1546 2488 Galati-

223 2541 285 2585 nus
298 2523 351 2600 qui
365 2523 402 2583 ad
418 2522 628 2583 confutandos
644 2524 778 2584 ludaeos
795 2525 834 2583 ab
848 2523 909 2585 hoc
922 2542 1004 2584 auno
1020 2525 1295 2602 computationem
1311 2525 1450 2585 inchoari
1463 2525 1543 2591 vult.

223 2620 281 2679 sed
301 2625 337 2680 ut
350 2620 467 2679 raritas
485 2620 641 2681 habeatur
661 2639 699 2680 ex
719 2622 837 2681 nostris
852 2622 1010 2695 historiis,
1035 2623 1074 2682 ab
1096 2640 1177 2682 anno
1193 2624 1233 2682 ab
1259 2623 1438 2684 Artaxerxis
1461 2622 1494 2703 (l.
1515 2640 1542 2682 e.

223 2737 257 2796 p.
274 2719 343 2777 ⁶338.
355 2718 438 2797 arb).
452 2717 546 2777 bliia
565 2718 634 2795 Cyri
652 2718 757 2779 edicto
770 2718 859 2779 Esdr.
876 2720 1143 2794 1;itau1einert,
1160 2720 1390 2799 Naegelsbach,
1408 2720 1543 2789 Hbrard,

222 2814 364 2876 itlieloth
379 2831 458 2893 quos
473 2816 618 2892 sequitur
630 2816 716 2890 Keil,
729 2815 783 2875 alii
798 2818 906 2890 aliter·;
923 2824 954 2876 at
969 2819 1116 2877 omnium
1132 2836 1279 2878 enarrare
1294 2818 1467 2878 tentamina
1482 2835 1544 2877 non

201 2975 210 2987 .
223 2931 305 2991 opus
321 2917 384 2985 est;
402 2913 509 2989 aliqua
520 2913 725 2989 postmodum
739 2919 830 2975 erunt
844 2913 1061 2993 proponenda.

266 3010 356 3071 Varie
371 3027 498 3088 quoque
524 3011 598 3087 quis
622 3011 662 3069 sit
682 3010 825 3071 Christus
848 3011 912 3072 dux
935 3019 1109 3090 exponunt.
1135 3012 1362 3073 zorobabelem
1385 3012 1543 3089 designari

224 3108 341 3168 docent
354 3109 500 3167 Clemens
513 3107 754 3179 alexandrinus,
772 3108 869 3167 lulius
884 3109 1084 3183 Hilarianus;
1099 3111 1191 3169 losue
1210 3109 1406 3169 sacerdotem
1422 3110 1544 3186 Hippo-

224 3207 325 3283 lytus,
341 3206 459 3266 seriem
483 3205 671 3283 pontificum
697 3205 867 3276 Eusebius,
885 3207 997 3266 Petrus
1021 3207 1276 3279 archidiaconus;
1299 3208 1414 3283 Cyrum
1438 3207 1544 3284 ipsum

222 3302 335 3363 Petrus
350 3302 520 3380 Alpbonsi,
537 3304 648 3363 Petrus
663 3302 852 3371 blemensis,
872 3302 1049 3375 Hardouin,
1069 3304 1218 3365 Calm.¹in
1234 3303 1470 3375 dissertatione,
1488 3306 1543 3365 lli-

223 3401 303 3477 tzig,
315 3400 482 3474 Zoeckler;
494 3400 679 3471 Nehemiam
695 3399 866 3461 Bertbelet.
879 3402 986 3478 Ipsum
996 3406 1102 3461 autem
1111 3403 1218 3461 lesum
1229 3401 1388 3462 Christum
1399 3401 1544 3480 plerique

225 3503 401 3576 agnoscunt
415 3516 433 3557 a
447 3503 518 3559 rate
532 3498 685 3571 describi;
704 3499 750 3558 ita
765 3499 932 3576 Origenes,
949 3497 1083 3576 Cyrillus
1104 3498 1423 3577 hierosolymitanus,
1444 3499 1544 3559 Theo·

224 3595 370 3665 doretus,
389 3596 565 3657 Chronicon
578 3596 724 3674 paschale
740 3601 771 3656 et
785 3597 976 3674 interpretes
996 3596 1139 3674 plurimi.
1157 3598 1348 3658 ludaeorum
1372 3597 1544 3657 sententias

224 3693 320 3753 refert
335 3694 494 3753 Calatinus
509 3712 540 3771 p.
557 3696 616 3753 ata
631 3711 767 3771 quorum
780 3695 834 3754 alii
850 3696 982 3773 Cyrum,
998 3696 1230 3755 Zorobabelom
1245 3695 1310 3769 alii,
1324 3694 1377 3754 alii
1394 3696 1484 3754 losue
1499 3712 1544 3755 sa-

224 3790 406 3863 cerdotem,
422 3790 609 3851 Nehemiam
625 3791 679 3850 alii
693 3792 887 3869 intelligunt.

271 3988 333 4051 Per
348 3992 478 4075 septem
494 3984 729 4052 hebdomadas
742 3987 767 4052 i.
783 4010 813 4052 e.
832 3990 874 4052 ta
888 4008 997 4053 annos
1016 3986 1199 4053 Ierusalem
1220 3986 1417 4052 restituetur
1436 3990 1468 4051 et
1486 4006 1543 4053 ae-

223 4091 432 4159 dificabitur.
450 4095 498 4157 lta
512 4114 551 4157 ex
566 4093 737 4158 vaticinio.
756 4093 857 4159 Proin
873 4116 902 4158 c.
923 4114 1052 4159 annum
1069 4100 1133 4161 bOO
1147 4090 1339 4159 aedificatio
1358 4098 1431 4157 erat
1448 4112 1540 4157 com-

222 4200 327 4288 pleta.
344 4198 382 4264 ld
398 4221 438 4264 ex
450 4220 568 4264 rerum
582 4205 758 4284 gestarum
769 4200 997 4265 monumentis
1007 4220 1075 4265 non
1090 4200 1168 4265 satis
1179 4202 1289 4287 potest
1300 4196 1539 4278 demonstrari,

222 4312 303 4373 cum
318 4306 510 4371 testimonia
520 4310 614 4371 certa
622 4305 745 4373 desint.
756 4311 798 4372 ut
808 4328 896 4395 quae
909 4305 1128 4372 exsistuntita
1139 4306 1241 4372 inisse
1252 4304 1406 4371 suadent.
1420 4304 1542 4370 Esdras

223 4414 260 4478 in
275 4411 434 4478 Iudaeam
457 4432 612 4479 reversus
632 4418 679 4478 cst
700 4435 730 4480 c.
757 4433 886 4478 annum
902 4419 984 4493 '4573
1003 4417 1078 4500 post
1092 4433 1201 4478 annos
1218 4418 1257 4477 13
1279 4410 1417 4477 advenit
1431 4411 1541 4476 Nehe-

222 4520 309 4584 mias
321 4520 380 4608 qui
395 4540 576 4607 perennes
592 4525 633 4585 12
653 4518 720 4585 dux
738 4524 812 4585 erat
824 4520 861 4584 in
879 4523 972 4584 terra
986 4517 1069 4584 luda
1084 4517 1181 4607 (Neh.
1202 4524 1298 4599 5,1t;
1324 4516 1437 4605 13,6);
1461 4516 1540 4582 dein

222 4624 383 4691 rediitad
398 4645 515 4711 regem
530 4629 750 4706 Artaxerxen,
768 4625 827 4690 sed
843 4630 917 4713 post
933 4624 1070 4713 aliquod
1083 4631 1219 4713 tempus
1233 4624 1325 4713 quod
1347 4645 1414 4689 non
1444 4645 1542 4689 accu-

220 4732 330 4799 ratius
353 4731 601 4799 determinatur
625 4731 653 4821 (a
672 4733 708 4798 in
731 4732 799 4797 fine
822 4730 957 4799 dierum
973 4732 1004 4819 a)
1031 4732 1156 4799 iterum
1182 4754 1336 4799 reversus
1360 4733 1410 4797 est
1430 4730 1465 4794 in
1485 4733 1540 4794 lu-
