3550 5367
314 355 373 414 aes
831 348 910 406 um.
934 347 983 420 m,
1008 347 1105 404 11-12

313 499 475 581 rendam,
494 499 543 563 uti
563 502 654 587 patet
668 519 708 564 ex
728 500 821 563 textu
847 502 947 576 11,35
967 495 1116 580 allegato
1130 500 1164 561 et
1187 517 1227 561 ex
1240 495 1401 586 temporis
1421 494 1626 562 determina-

315 609 407 674 tione
424 626 510 695 quae
533 625 564 671 V.
583 611 621 670 11
639 603 803 693 sequitur.

356 718 393 779 ln
418 709 577 778 solatium
602 733 741 800 quoquc
764 707 861 776 addit
882 708 1026 794 angelus
1045 707 1212 796 quamdiu
1230 708 1385 774 futurum
1409 709 1454 777 sit
1475 713 1514 774 ut
1537 708 1628 774 furor

179 873 180 880 ,
311 818 554 910 persecutionis
568 817 715 884 maxime
730 816 861 882 ferveat
876 837 909 880 v.
928 821 967 882 11
986 843 1003 878 «
1019 827 1053 881 et
1066 836 1088 880 o
1103 828 1253 904 tempore
1265 836 1344 880 eum
1358 812 1510 882 ablatum
1521 813 1627 904 suerit

312 928 389 1017 iope
400 923 608 1014 sacrificium
626 934 659 989 et
668 923 782 1013 posito
795 920 905 1009 suerit
918 920 1126 987 abominatio
1141 922 1178 987 in
1190 919 1442 1001 desolationem,
1456 919 1527 988 dies
1539 920 1614 987 mill

313 1033 449 1100 ducenti
467 1029 671 1120 noaopz'nto3
693 1051 726 1095 v.
749 1035 790 1096 12
813 1027 931 1094 beatus
949 1028 1014 1116 qai
1032 1039 1204 1118 exspectat
1230 1039 1264 1094 et
1282 1027 1440 1116 pervenit
1459 1050 1568 1116 usque
1586 1027 1631 1093 od

313 1139 385 1206 dies
399 1137 492 1204 mille
508 1149 669 1202 trecentos
681 1135 820 1225 triqiata
837 1135 989 1225 quiaque
1006 1135 1041 1199 »l
1058 1173 1103 1184 -
1117 1133 1160 1200 de
1178 1157 1260 1202 voce
1277 1149 1362 1229 'unp
1376 1133 1454 1200 vide
1468 1134 1513 1200 ad
1531 1141 1626 1217 8,13;

313 1253 518 1339 intelligitur
537 1252 647 1319 cultus
666 1252 723 1317 Dei
736 1254 920 1341 perpetuus
938 1249 997 1339 qui
1012 1254 1079 1315 Deo
1097 1249 1236 1341 publice
1260 1255 1332 1317 erat
1347 1273 1386 1316 ex
1407 1249 1484 1337 lege
1504 1251 1630 1340 persol-

313 1359 457 1427 vendus,
479 1363 543 1426 lste
561 1365 716 1448 tempore
739 1358 985 1446 persecutionis
1007 1357 1246 1446 supprimitur,
1264 1368 1302 1421 ut
1321 1356 1451 1447 (hebr.)
1471 1358 1544 1424 eius
1557 1357 1629 1422 loco

313 1471 462 1557 ponatur
477 1465 688 1532 abominatio
703 1462 939 1543 desolationis;
963 1462 1041 1529 vide
1056 1461 1100 1528 ad
1115 1468 1211 1543 8,13;
1234 1484 1312 1529 eum
1332 1486 1372 1530 ex
1390 1485 1431 1530 eo
1449 1463 1523 1528 loco
1541 1471 1627 1529 etex

315 1579 414 1655 11,31
426 1571 594 1639 sententia
607 1571 829 1661 depromatur
840 1573 874 1635 et
883 1567 1006 1635 iisdem
1017 1568 1131 1636 verbis
1143 1573 1327 1659 repetatur,
1342 1569 1495 1636 dubitari
1509 1571 1629 1658 nequit

314 1679 398 1769 quin
419 1678 461 1744 de
483 1677 603 1745 eadem
622 1699 660 1742 re
681 1674 870 1764 eodemque
895 1681 1049 1764 tempore
1069 1695 1181 1741 sermo
1199 1676 1407 1756 instituatur,
1433 1674 1472 1741 id
1493 1681 1561 1755 est,
1587 1674 1627 1740 de

313 1785 548 1876 persecutione
562 1783 732 1864 Antiochi,
750 1781 798 1848 uti
810 1781 899 1849 hene
913 1781 1083 1871 explicant
1099 1783 1188 1848 Mar.
1207 1782 1316 1851 calm
1333 1782 1441 1862 Lech,
1459 1781 1577 1848 Trocle.
1595 1788 1629 1847 et

314 1891 382 1958 iam
398 1890 608 1980 explicarunt
633 1893 667 1956 S.
688 1889 793 1978 Ephr.
816 1895 849 1955 et
872 1887 1071 1955 Ammonius
1089 1890 1149 1978 qui
1167 1888 1287 1956 saltem
1306 1911 1346 1956 ex
1362 1893 1460 1979 perte
1477 1879 1625 1976 (μερικόν)

315 1997 372 2064 hic
394 1996 437 2063 de
457 1996 624 2063 Antiocho
649 1995 725 2062 fieri
749 2016 941 2061 sermonem
962 1995 1113 2080 agnovit.
1141 1994 1298 2084 Plerique
1322 1998 1437 2062 tamen
1458 1994 1508 2083 (S.
1530 1994 1629 2062 Hier.

316 2102 438 2170 Theod.
457 2107 534 2170 Per.
560 2103 677 2170 Sonat.
703 2101 811 2168 Male.
833 2105 917 2192 Lep.
942 2100 1039 2168 acal.
1063 2099 1141 2188 etc.)
1163 2099 1248 2166 haec
1272 2099 1314 2167 de
1332 2100 1536 2169 antichristo
1560 2101 1629 2168 dici

210 2283 212 2290 ,
315 2215 485 2288 asserunt3
498 2213 534 2276 at
545 2229 739 2298 perperam.
756 2213 827 2274 Duo
836 2199 928 2274 enim
946 2211 1103 2296 tempora
1117 2207 1207 2273 clare
1217 2207 1262 2272 ah
1271 2207 1396 2292 angelo
1410 2206 1628 2294 distinguun-

314 2321 372 2383 tur
385 2321 418 2382 et
434 2315 522 2382 duae
545 2314 800 2392 tribulationes;
822 2315 871 2380 ita
892 2314 959 2380 iam
978 2319 1073 2394 1n,1;
1090 2312 1172 2380 dein
1191 2336 1212 2379 a
1235 2334 1267 2379 v.
1290 2319 1347 2381 oa
1371 2316 1486 2401 agitur
1508 2314 1552 2381 de
1571 2315 1630 2381 illa

316 2443 421 2512 quam
437 2443 542 2510 supra
560 2426 640 2502 7,οὅ
656 2421 842 2510 expositam
862 2419 1046 2499 habemus;
1068 2441 1090 2486 a
1104 2443 1135 2485 v.
1158 2426 1178 2486 0
1193 2425 1308 2486 autem
1323 2425 1356 2486 et
1369 2419 1530 2510 deinceps
1542 2421 1630 2488 redit

317 2527 460 2613 angelus
471 2525 517 2592 ad
532 2546 608 2592 cam
629 2547 717 2615 quae
732 2531 809 2607 8,11
832 2547 903 2614 seq.
921 2529 954 2590 et
975 2532 1072 2608 11,31
1088 2547 1159 2614 seq.
1175 2526 1346 2593 declarata
1358 2532 1417 2594 est.
1436 2516 1644 2594 Clarissima

316 2633 407 2700 enim
431 2633 513 2722 ipsis
537 2631 649 2698 verbis
672 2653 711 2698 ex
729 2653 805 2721 cap.
830 2639 862 2697 7.
883 2637 916 2698 8.
939 2637 978 2698 11
995 2631 1108 2720 petitis
1127 2632 1226 2700 nobis
1245 2631 1426 2710 indicetur,
1444 2633 1488 2699 ad
1511 2639 1625 2702 utram

318 2740 529 2806 vexationem
543 2736 681 2823 singula
697 2737 764 2802 sint
776 2736 968 2803 referenda.
984 2741 1093 2814 Quare
1103 2738 1214 2829 potius
1224 2739 1350 2806 mirum
1359 2745 1410 2806 est
1424 2761 1444 2806 a
1458 2740 1575 2808 multis
1587 2739 1629 2806 ad

317 2845 382 2913 hoe
397 2866 467 2912 non
482 2843 627 2926 attendi,
643 2864 721 2909 oum
735 2847 850 2910 tamen
865 2843 903 2909 in
918 2849 1037 2932 aperto
1052 2846 1095 2911 sit
1106 2846 1254 2935 positum
1265 2845 1309 2912 de
1322 2845 1392 2913 alio
1403 2850 1559 2937 tempore
1572 2849 1628 2936 agi

318 2975 394 3043 cap.
409 2959 441 3034 7,
458 2950 502 3018 de
521 2949 590 3018 alio
604 2973 679 3041 cap.
700 2957 720 3018 8
736 2955 769 3016 et
786 2957 839 3017 11.
854 2954 942 3017 Heec
961 2951 1077 3040 itaque
1093 2974 1133 3018 eo
1152 2952 1262 3020 solum
1281 2952 1383 3020 modo
1402 2951 1447 3019 ad
1463 2954 1629 3021 antichri-

319 3063 408 3126 stum
422 3058 515 3126 trahi
529 3065 689 3148 possunt,
702 3063 868 3147 quatenus
882 3057 1080 3139 Antiochus,
1092 3063 1131 3124 ut
1141 3057 1280 3125 aliunde
1290 3065 1435 3142 constat,
1452 3067 1555 3150 typus
1567 3082 1629 3126 an-

318 3165 462 3232 tichristi
475 3164 712 3232 consideratur
726 3173 758 3230 et
772 3168 927 3252 tempore
941 3165 1088 3254 antitypi
1102 3164 1226 3232 similia
1240 3165 1315 3232 lieri
1328 3172 1461 3233 certum
1480 3173 1530 3233 est
1542 3189 1630 3256 quae

318 3278 472 3362 tempore
491 3272 567 3360 typi
579 3273 777 3352 evenerunt,
800 3270 849 3336 uti
864 3269 1003 3336 Polmer
1016 3270 1087 3338 lere
1105 3293 1178 3338 rem
1198 3271 1356 3362 concipit.

363 3377 417 3444 Uti
434 3398 538 3470 supra
552 3381 632 3457 8,st
648 3377 821 3443 mentione
841 3377 930 3443 facta
953 3375 1133 3444 ablationis
1153 3378 1263 3445 cultus
1279 3380 1439 3468 perennis
1453 3385 1486 3446 et
1501 3378 1636 3446 abomi-

319 3484 464 3552 nationis
477 3483 605 3572 positae
620 3488 732 3549 certus
746 3481 880 3548 dierum
896 3503 1059 3548 numerus
1070 3485 1240 3566 statuitur,
1261 3484 1311 3550 ita
1324 3484 1382 3551 hic
1397 3507 1545 3576 quoque,
1565 3507 1634 3575 qua

321 3613 357 3658 re
375 3591 500 3656 iterum
519 3591 650 3655 constat
671 3585 714 3654 de
739 3586 857 3654 eodem
874 3593 998 3655 eventu
1021 3590 1058 3655 in
1077 3594 1221 3679 utroque
1244 3591 1319 3657 loco
1340 3591 1416 3658 fieri
1440 3593 1630 3658 oraculum.

320 3700 485 3764 Numerus
504 3694 637 3761 dierum
656 3693 903 3762 determinatus
920 3700 982 3776 est,
1010 3694 1075 3762 sed'
1092 3695 1136 3762 ab
1153 3696 1214 3762 illo
1234 3696 1399 3766 diversus.
1420 3703 1530 3788 Supra
1550 3705 1633 3780 8,1t

320 3806 355 3871 in
376 3808 530 3891 tempore
551 3801 685 3868 dierum
707 3807 794 3868 2300
814 3806 923 3868 totum
942 3807 1075 3892 tempus
1089 3803 1276 3870 vexationis
1290 3804 1461 3871 indicatur
1476 3805 1571 3894 (vide
1591 3805 1632 3871 ad

321 3909 430 3998 8,1a);
448 3908 523 3991 hic,
542 3908 593 3974 uti
612 3905 758 3989 videtur,
775 3907 883 3974 solum
899 3914 1034 3998 tempus
1048 3908 1135 3974 illud
1152 3931 1214 3998 per
1228 3911 1321 4000 quod
1334 3912 1509 4001 oppressio
1524 3913 1635 3978 maxi·

321 4040 377 4083 ma
391 4016 537 4097 exsistet,
550 4035 613 4103 per
631 4035 763 4080 menses
780 4019 835 4095 03,
848 4015 876 4080 si
896 4014 1039 4102 singulis
1056 4016 1229 4081 mensibus
1244 4017 1317 4084 dies
1332 4023 1375 4086 30
1394 4018 1632 4099 attribuimus;

320 4122 538 4216 praedicatur
561 4121 682 4188 beatus
713 4121 771 4211 qui
797 4122 939 4187 ulterius
960 4122 1082 4188 vixerit
1106 4145 1167 4212 per
1191 4122 1262 4190 dies
1289 4129 1329 4192 t5
1351 4123 1405 4192 vel
1432 4147 1495 4214 per
1523 4147 1632 4192 unum

321 4251 472 4297 mensem
502 4228 618 4305 semis;
641 4227 732 4294 unde
758 4249 798 4293 eo
821 4231 973 4318 tempore
1000 4234 1093 4295 certa
1115 4251 1191 4320 spes
1214 4234 1247 4297 et
1269 4231 1405 4297 initium
1429 4230 1634 4299 conditionis

321 4336 471 4402 melioris
495 4333 645 4402 dabitur.
663 4334 715 4400 Uti
739 4356 844 4423 supra
865 4340 944 4416 8,1t
967 4358 1149 4401 numerum
1172 4336 1306 4403 dierum
1328 4339 1377 4404 ita
1394 4338 1634 4428 explicandum

322 4443 452 4524 censui,
472 4442 521 4509 uti
541 4441 647 4509 verba
665 4440 800 4524 dicunt,
817 4441 859 4507 de
875 4443 984 4532 spatio
998 4443 1160 4533 temporis
1180 4448 1273 4511 certo
1289 4451 1322 4511 et
1342 4443 1491 4525 delinito,
1507 4445 1556 4511 ila
1569 4445 1634 4511 hoc

322 4571 456 4639 quoque
475 4549 550 4615 loco
575 4546 812 4637 exponendum
833 4570 952 4614 censeo
967 4555 1108 4638 propter
1131 4549 1265 4616 easdem
1282 4550 1440 4618 rationes.
1456 4552 1634 4618 Terminus

321 4677 428 4746 aquo
452 4655 651 4741 designatur
674 4653 800 4720 ablatio
822 4655 931 4722 cultus
952 4661 986 4720 et
1004 4655 1213 4723 abominatio
1236 4657 1273 4722 in
1296 4657 1369 4724 loco
1392 4679 1502 4740 sacro;
1526 4680 1634 4747 quare

319 4768 454 4853 tempus
466 4759 553 4828 illud
569 4759 774 4844 declaratur,
791 4759 833 4827 de
849 4783 918 4850 quo
940 4767 956 4827 l
974 4762 1079 4828 hlaeh.
1100 4769 1176 4845 1,57
1195 4769 1227 4830 et
1239 4765 1346 4851 igitur
1359 4787 1467 4833 annus
1478 4769 1541 4832 1a5
1557 4787 1629 4832 aer.
