3550 5367
798 302 874 360 mr.
900 304 928 374 a,
952 303 990 361 aa
1490 284 1574 367 aar

232 451 272 518 id
286 452 358 517 fore
378 449 471 539 quod
489 450 558 517 iam
578 453 660 517 Osee
674 400 878 517 vaticinatbs
891 456 939 517 est
961 474 968 518 :
987 458 1020 517 et
1037 452 1206 542 sponsabo
1220 460 1253 521 te
1271 457 1357 522 mihi
1371 458 1408 522 in
1427 457 1550 545 sempi-

231 564 368 624 ternum
383 564 416 623 et
435 556 601 647 sponsabo
618 562 651 623 te
670 557 756 623 mibi
769 556 808 623 in
826 557 956 624 iustitia
973 564 1005 624 et
1018 557 1146 625 iudicio
1160 565 1194 626 et
1207 561 1242 625 in
1264 562 1497 628 misericordia
1515 569 1549 628 et

157 747 165 757 ,
231 664 510 731 miserationibus
531 662 652 753 (212).
674 667 762 730 llaec
780 671 895 731 autem
916 664 1044 732 iustitia
1066 672 1099 732 et
1121 668 1278 734 sanctitas
1299 670 1444 758 tempori
1462 690 1548 735 mes-

230 773 327 839 siano
341 770 548 838 adscribitur
562 794 583 836 a
597 770 776 860 prophetis
787 771 823 836 in
843 771 925 837 locis
943 771 1115 862 plurimis,
1135 794 1213 839 eum
1228 774 1300 840 fere
1313 797 1491 865 nunquam
1505 775 1547 842 de

228 900 270 943 eo
284 886 438 967 tempore
452 877 640 967 loquantur
654 878 704 943 ita
721 881 842 943 utnon
862 878 918 944 vel
936 878 1018 969 ipsis
1034 879 1148 945 verbis
1162 880 1215 946 vel
1234 880 1423 969 symbolica
1443 883 1545 949 uber·

228 986 308 1051 tatis
320 991 431 1051 terrae
446 1007 486 1051 ao
500 983 672 1051 felicitatis
690 982 919 1073 descriptione
938 984 1033 1051 illam
1048 987 1260 1054 sanctitatem
1279 989 1420 1054 summis
1435 989 1547 1056 laudi-

228 1090 295 1156 bus
309 1091 500 1173 eelebrent;
515 1089 594 1157 vide
613 1096 665 1157 Ps.
681 1096 736 1157 71.
753 1093 793 1157 Is.
813 1098 908 1172 11,9;
926 1097 1060 1174 12,1-6;
1079 1099 1201 1176 5t‚10;
1222 1100 1340 1177 60‚13;
1356 1102 1458 1177 salu
1472 1116 1543 1185 seq.
1639 1180 1641 1186 Ι

228 1202 292 1264 rer.
326 1203 424 1279 aas
456 1204 575 1281 30,1e;
605 1203 719 1279 cara.
749 1202 804 1263 aa.
833 1202 888 1265 uz.
923 1203 1041 1281 11,eo;
1066 1204 1186 1283 aiam
1217 1206 1330 1283 acar.
1360 1202 1426 1267 10e1
1452 1206 1544 1284 ars.

228 1309 304 1371 Am.
323 1312 415 1386 9,13.
429 1304 529 1370 llich.
546 1304 939 1392 7,1t.80ph.3‚13-20;
959 1304 1028 1371 huc
1048 1328 1185 1395 quoque
1204 1306 1325 1373 reterri
1339 1307 1466 1375 debent
1481 1310 1547 1375 loci

227 1433 347 1478 omnes
362 1412 399 1477 in
414 1409 540 1503 quibus
553 1409 686 1477 indoles
701 1409 889 1499 spiritualis
905 1432 1014 1477 novae
1033 1412 1243 1479 theocratiae
1259 1413 1443 1499 indicatur,
1461 1437 1546 1504 quos

227 1516 520 1607 frequentissimos
540 1516 688 1583 inveniri
704 1516 740 1581 in
760 1518 1012 1583 commentariis
1031 1519 1279 1607 prophetarum
1303 1542 1401 1611 saepe
1429 1540 1546 1606 monui

229 1625 322 1715 (vide
336 1648 369 1692 v.
387 1646 421 1711 g.
434 1628 625 1691 Commeat.
640 1624 675 1689 in
693 1624 814 1690 isaiam
830 1627 855 1689 ll
870 1646 907 1714 p.
924 1631 979 1693 61.
999 1631 1074 1692 108.
1093 1632 1168 1692 129.
1187 1633 1262 1693 mo.
1282 1634 1357 1695 1t7.
1370 1634 1446 1696 236.
1465 1636 1542 1697 255.

142 1759 149 1767 ·
228 1738 306 1800 265.
324 1738 402 1797 277.
419 1737 485 1798 322
502 1733 579 1817 etc.)
600 1735 711 1807 Quare
725 1730 944 1797 manifestum
964 1735 1013 1797 est
1032 1731 1238 1799 adductione
1252 1733 1400 1801 iustitiae
1419 1738 1544 1824 sempi-

227 1845 347 1905 ternae
363 1837 539 1923 designari
553 1840 687 1925 tempus
707 1837 926 1904 messianum.
1321 1922 1323 1925 Ι

273 1944 366 2011 ldem
390 1948 525 2032 tempus
546 1942 741 2009 declaratur
759 1942 867 2009 altero
884 1942 1040 2010 membro
1063 1957 1096 2010 et
1114 1944 1301 2034 impleatur
1314 1946 1397 2012 vasio
1415 1959 1449 2013 et
1459 1970 1542 2035 pro-

223 2050 345 2143 phetia
363 2050 419 2116 vel
432 2072 473 2116 ex
486 2035 586 2116 liebr.
608 2048 706 2115 etad
722 2047 966 2138 obsiqnaodem
986 2050 1148 2117 visionem
1171 2064 1204 2117 et
1222 2052 1437 2141 proplietam.
1456 2054 1543 2131 Quid

86 2173 94 2188 '
226 2167 362 2234 sithoc
391 2165 466 2232 loco
499 2163 675 2253 abripuere
700 2159 866 2252 σφραγίσαι
886 2163 980 2255 apud
1010 2166 1276 2233 Theodotionem
1298 2162 1543 2255 (συντελεσθῆναι

226 2274 319 2363 apud
332 2277 428 2354 LXX,
447 2260 545 2336 uben
558 2270 649 2359 apud
664 2272 821 2359 Syrum),
838 2271 1042 2359 interpretes
1055 2273 1091 2338 in
1107 2272 1384 2345 duassententias
1396 2275 1539 2359 abeunt,

226 2402 375 2470 quarum
402 2384 518 2445 tamen
540 2385 687 2467 utraque
719 2376 764 2443 ad
792 2382 927 2467 tempus
950 2380 1156 2446 messianum
1179 2379 1338 2448 refertur.
1365 2382 1542 2469 Explicant

225 2488 318 2554 enim
331 2506 449 2553 vocem
468 2484 528 2550 alii
546 2483 589 2550 de
603 2483 805 2573 impletione
820 2484 1186 2575 prophetiarum‘quae
1205 2486 1402 2575 impletione
1414 2488 1506 2555 facta
1522 2511 1543 2555 a

226 2597 292 2659 Deo
309 2592 377 2658 sint
399 2592 620 2659 confirmatae
645 2594 679 2656 et
702 2591 800 2679 quasi
819 2590 935 2676 sigillo
959 2590 1076 2657 divino
1096 2592 1249 2659 munitae
1268 2594 1426 2661 omuibus
1444 2595 1541 2661 exhi-

224 2700 388 2781 beantur;
415 2700 463 2764 ita
491 2697 644 2765 Clemens
664 2696 771 2777 olem,
794 2698 880 2763 l'ert.
909 2697 990 2787 Hip.
1020 2698 1281 2786 Polychronium
1300 2701 1406 2789 prr.
1417 2722 1430 2784 ;
1445 2706 1477 2767 et
1492 2701 1541 2768 ita

224 2827 343 2873 vocem
357 2803 457 2871 hebr.
480 2824 616 2892 quoque
638 2810 815 2891 exponunt
835 2804 953 2872 Senot.
978 2807 1064 2892 Lep.
1091 2805 1201 2871 Colm.
1223 2804 1321 2873 ltobl.
1346 2806 1430 2875 Heb.
1457 2811 1539 2875 Cor-

225 2913 286 3003 luy
296 2917 329 2979 et
344 2935 384 2977 ex
396 2909 661 3010 protestantibus
676 2909 901 2991 Hoevemielr,
915 2909 1103 2999 Lenqerlce,
1116 2910 1253 2992 aroald,
1271 2913 1363 2979 Hice.
1381 2916 1415 2979 Z.
1430 2914 1539 2980 ltlez‘n-

224 3019 324 3103 liold5
338 3018 414 3085 aliis
435 3021 549 3085 autem
574 3015 759 3102 obsignare
780 3016 872 3083 idem
896 3021 945 3083 est
967 3039 1008 3083 ac
1029 3017 1145 3101 linire,
1163 3016 1356 3099 includere,
1374 3018 1487 3087 facere
1503 3026 1540 3087 ut

225 3126 356 3192 desinat
372 3130 407 3191 et
420 3126 525 3190 cesset
535 3123 733 3212 prophetia;
750 3122 799 3187 ita
814 3123 1016 3211 concipiunt
1029 3123 1139 3211 Afric.
1161 3124 1252 3213 Oriq.
1270 3123 1397 3192 Alban.
1417 3126 1535 3215 Chrys.

224 3220 329 3299 basil.
349 3235 508 3298 Ammon.
530 3235 563 3296 et
584 3231 656 3296 Vot.
674 3230 762 3295 Mar.
781 3226 918 3311 Reium,
938 3227 1115 3309 Pelmieri,
1134 3229 1221 3295 Keil.
1245 3233 1330 3296 Sunt
1351 3231 1453 3296 etiam
1479 3233 1539 3319 qui

225 3352 406 3437 utramque
425 3348 619 3435 proponant
637 3352 670 3410 et
695 3344 925 3429 coniungant,
950 3348 988 3408 ut
1007 3342 1131 3410 Eerseb.
1158 3343 1279 3410 l'lreod.
1307 3368 1319 3411 .·
1343 3372 1359 3406 «
1377 3342 1538 3435 σφραγίσαι

223 3454 288 3521 boe
308 3460 358 3520 est
369 3451 412 3519 ad
427 3450 675 3541 imponendum
690 3450 796 3516 tinem
815 3450 975 3516 omnibns
994 3450 1165 3516 vaticiniis
1180 3455 1213 3517 et
1233 3450 1276 3517 ad
1301 3452 1367 3517 hoc
1391 3453 1538 3519 efficien-

224 3560 317 3642 dum,
336 3564 372 3626 ut
386 3582 407 3625 a
425 3556 628 3625 ludaeorum
647 3558 786 3623 natione
802 3555 1025 3646 inposterum
1041 3556 1244 3645 prophetica
1258 3560 1370 3645 gratie
1383 3555 1535 3643 deficiam

223 3665 289 3732 nisi
308 3666 401 3731 enim
420 3664 634 3754 apparuisset
650 3662 813 3729 Dominus
829 3663 980 3729 Christus
997 3667 1030 3729 et
1049 3685 1090 3729 ea
1108 3662 1241 3730 fecisset
1258 3687 1299 3731 oc
1315 3687 1433 3755 passus
1453 3671 1539 3733 esset

225 3796 311 3863 quae
327 3772 519 3862 prophetae
543 3768 803 3858 praedixerunt,
820 3791 892 3835 non
908 3774 1043 3847 ostensa
1065 3769 1182 3836 fuisset
1206 3771 1332 3837 veritas
1352 3773 1538 3862 propheta-

223 3902 317 3962 rum3
334 3878 468 3969 perficit
482 3878 598 3965 itaque
614 3880 647 3941 et
659 3877 756 3965 quasi
772 3876 933 3962 obsignat
950 3882 983 3942 et
1002 3876 1183 3943 confirmat
1202 3900 1223 3943 a
1241 3878 1417 3967 prophetis
1436 3901 1538 3966 praa-

223 3986 314 4053 dicta
334 3986 450 4052 omnia
471 3984 598 4051 faciens
624 4006 664 4049 ac
682 3984 814 4073 patiens
834 3988 922 4072 qu'ae
942 3982 995 4049 illi
1014 3982 1189 4050 vaticinati
1211 3984 1348 4050 fueraut
1365 3978 1394 4050 »ἶ
1412 3988 1482 4052 lam
1502 3988 1537 4053 iu

222 4094 338 4183 priore
359 4092 555 4182 acceptione
575 4091 691 4156 omnia
711 4089 773 4155 illa
793 4089 955 4156 dicuntur
974 4090 1110 4179 impleri
1132 4094 1165 4156 et
1179 4095 1356 4179 tamquam
1375 4091 1538 4160 divinitus

186 4262 190 4269 .
223 4200 313 4266 dieta
341 4197 537 4266 confirmari
570 4218 658 4286 quae
689 4197 877 4285 prophetae
905 4195 1164 4285 praedixerunt.
1188 4194 1253 4262 Sed
1289 4218 1367 4263 cum
1400 4199 1539 4266 oracula

222 4308 471 4398 prophetarum
490 4305 636 4370 maxime
654 4302 801 4369 celebria
816 4308 849 4369 et
860 4301 1041 4391 splendida
1055 4303 1122 4369 sint
1137 4302 1179 4368 de
1195 4324 1285 4369 nova
1297 4303 1487 4373 theocratia
1505 4311 1539 4372 et

222 4436 330 4500 regno
352 4412 536 4494 messiano,
560 4408 711 4476 dubitari
729 4432 798 4475 nou
820 4415 931 4498 potest
952 4410 1036 4497 quin
1050 4421 1185 4498 tempus
1203 4410 1408 4478 messianum
1424 4411 1537 4479 decla-

221 4517 467 4608 retorquendo
483 4518 645 4585 asseritur
659 4515 800 4583 oracula
818 4516 878 4582 illa
893 4515 1031 4604 impleri
1046 4520 1079 4581 et
1094 4538 1114 4581 a
1129 4519 1196 4582 Deo
1215 4517 1352 4585 sanciri.
1369 4520 1404 4584 Si
1423 4525 1536 4586 autem

223 4627 332 4704 altera
347 4625 497 4714 acceptio
514 4623 693 4713 probatur,
711 4622 896 4689 dicendum
917 4626 966 4688 est
985 4644 1114 4689 cessare
1138 4622 1321 4713 propbetas
1343 4648 1422 4691 cum
1439 4626 1538 4691 exsti·

222 4734 303 4798 terit
319 4732 479 4822 princeps
492 4731 753 4822 prophetarum,
769 4752 900 4797 cessare
915 4730 1054 4797 oracula
1073 4732 1156 4821 quia
1171 4752 1260 4820 quae
1277 4732 1425 4799 oraculis
1441 4736 1537 4798 erant
