3550 5367
742 342 819 402 Dan.
838 334 894 416 u,
918 342 1011 401 2336
1472 345 1528 405 351

217 489 383 557 Danieli:
406 511 480 556 eece
498 512 590 556 nune
610 513 678 556 non
700 501 798 582 poles
821 489 932 557 dicere
955 490 1037 581 quia
1067 490 1128 557 isle
1147 513 1215 558 non
1231 492 1274 558 sil
1292 492 1374 560 deus
1397 493 1532 575 niueum

216 595 323 664 adoro
338 618 415 688 erqo
434 617 511 662 eum
536 599 570 662 »l
593 635 636 646 -
650 596 790 664 uberius
813 597 941 684 legitur
959 601 993 663 et
1012 597 1105 687 apud
1116 602 1196 664 1an
1214 605 1248 664 et
1266 598 1360 690 apud
1378 600 1531 666 Theodo-

214 705 342 772 tionem
361 725 368 772 :
386 703 555 793 numquid
570 709 604 769 et
616 703 708 772 hunc
721 702 813 770 dices
828 725 967 770 aereum
982 705 1075 770 esse?
1090 726 1166 771 eece
1183 705 1267 771 vivit
1288 713 1322 772 et
1336 705 1486 772 comedit
1498 713 1531 772 et

214 808 317 876 bibit!
333 815 366 876 et
380 809 494 898 pergit
510 808 698 876 Theodotio
716 832 723 878 :
739 831 807 877 non
826 799 1117 900 potes'dieere...;
1135 811 1328 878 breviorem
1343 835 1421 878 eum
1435 811 1527 901 culp¹

214 916 360 984 formam
380 917 524 1006 praebet
545 917 654 1006 Syrus
678 916 802 984 omissa
818 939 954 1006 quoque
978 940 1057 984 voce
1074 918 1208 1002 vebum
1221 941 1255 984 v.
1282 916 1530 1008 alodiumque

216 1022 362 1089 Daniel:
377 1023 560 1088 Dominum
571 1025 680 1089 Daune
694 1045 807 1090 merem
827 1022 953 1105 odoro,
970 1023 1053 1113 quio
1066 1024 1136 1114 epse
1147 1037 1196 1090 est
1214 1027 1303 1091 Deus
1317 1024 1431 1090 nivens
1438 1046 1451 1107 ;
1470 1026 1531 1091 iste

215 1142 330 1196 autem
344 1143 472 1196 nonest
484 1128 565 1196 deus
579 1130 712 1212 niueum
727 1152 759 1195 s.
778 1136 819 1197 25
838 1143 874 1195 tu
889 1142 1020 1212 autem,
1036 1153 1113 1211 rec,
1130 1129 1175 1197 do
1188 1130 1275 1196 mibi
1284 1143 1486 1220 potestatem
1501 1143 1533 1197 el

214 1237 415 1324 interficiam
427 1235 608 1302 draconem
623 1235 749 1326 absque
762 1235 879 1326 plodio
886 1249 928 1303 et
941 1238 1055 1328 suste,·
1076 1248 1109 1303 el
1122 1238 1173 1303 uit
1186 1259 1273 1304 ren:
1291 1237 1333 1304 do
1349 1236 1413 1304 tibi
1431 1261 1466 1319 »3
1489 1279 1534 1290 —-

215 1343 308 1433 apud
327 1347 405 1410 Lxx
424 1342 540 1410 Daniel
552 1343 675 1409 omisso
693 1366 725 1410 v.
748 1350 790 1411 il
805 1344 878 1410 sine
896 1343 967 1410 ulla
980 1342 1061 1410 fidei
1079 1344 1288 1434 professione
1305 1346 1419 1412 statim
1439 1352 1535 1435 pote·

214 1455 332 1518 statem
347 1444 493 1518 necandi
517 1453 708 1538 serpentem
725 1449 797 1516 sine
813 1450 905 1516 ferro
922 1456 956 1516 et
978 1451 1065 1516 iuste
1076 1452 1234 1540 postulat.
1255 1456 1321 1518 Cur
1334 1456 1448 1518 autem
1466 1457 1531 1519 Da-

214 1556 283 1623 niel
296 1562 489 1646 serpentem
500 1555 653 1621 oceidere
668 1556 749 1624 velit
759 1557 792 1622 vi
808 1557 1074 1636 minimeillata,
1091 1557 1252 1647 explicari
1265 1563 1375 1647 potest
1389 1561 1531 1648 eoquod

213 1663 360 1731 retertur
378 1663 472 1753 apud
483 1661 666 1728 Eusebium
682 1663 856 1753 (Praepar.
877 1684 1000 1749 evang.
1020 1670 1116 1746 1,1o;
1134 1665 1182 1730 M.
1204 1666 1339 1753 maa),
1359 1649 1531 1731 censuisse

213 1769 286 1837 scil.
300 1769 458 1836 homines
471 1770 663 1859 serpentem
680 1791 750 1837 esse
768 1769 999 1836 immortalem
1021 1792 1085 1836 nee
1105 1775 1214 1836 morte
1232 1771 1383 1836 naturali
1405 1771 1529 1837 exstin-

213 1876 273 1962 gui
293 1876 359 1942 uisi
377 1876 412 1942 vi
435 1873 586 1964 quadam
619 1895 799 1964 percussus
823 1881 924 1942 autea
947 1875 1060 1942 luerit.
1085 1876 1118 1942 si
1140 1877 1248 1962 igitur
1268 1875 1385 1942 Daniel
1408 1876 1528 1963 gladio

212 1981 265 2048 vel
281 1981 368 2048 suste
387 1980 517 2048 animal
536 1980 729 2063 occidisset,
748 1981 839 2048 nihil
858 1981 1023 2047 effecisset
1039 1980 1131 2071 apud
1147 1983 1270 2068 vulgus
1286 1981 1330 2049 ad
1344 1982 1449 2049 fidem
1462 2005 1529 2050 nu-

211 2088 314 2154 minis
332 2087 440 2154 divini
463 2085 717 2154 destruendam.
745 2093 854 2165 Quare
874 2086 989 2153 cibum
1013 2089 1043 2153 ei
1062 2087 1205 2178 praebet
1225 2089 1285 2177 qui
1303 2091 1471 2178 concoqui
1488 2112 1528 2156 ac

212 2200 329 2262 ventre
344 2195 465 2260 confici
480 2216 550 2260 uon
572 2194 681 2283 potuit
697 2215 730 2258 v.
746 2199 790 2260 26
806 2221 822 2254 «
843 2193 922 2259 tulit
933 2216 1010 2283 erpo
1026 2192 1153 2260 Daniel
1162 2194 1275 2284 picem
1300 2207 1333 2260 et
1346 2195 1483 2284 adipem
1497 2210 1529 2264 el

206 2298 298 2390 pilos
314 2312 347 2366 el
361 2299 591 2390 eoeilporilec
601 2299 751 2388 seritque
762 2321 893 2366 massus
909 2312 942 2366 et
959 2298 1053 2366 dedit
1064 2300 1100 2366 in
1122 2323 1157 2365 os
1176 2299 1334 2367 droconis
1354 2314 1386 2368 et
1408 2301 1528 2391 dirup-

212 2419 267 2473 tus
281 2406 459 2490 esldr·ueo,‘
472 2419 505 2474 el
515 2405 604 2473 dicit
617 2427 628 2472 :
641 2427 717 2472 ecce
731 2428 832 2496 quem
851 2405 1015 2474 colebatis
1027 2434 1045 2469 a
1055 2408 1062 2474 !
1072 2407 1310 2475 -secundum
1322 2412 1401 2489 Lxx
1411 2409 1528 2476 Daniel

211 2514 315 2582 sumit
335 2535 430 2581 mnas
444 2515 589 2600 triginta
603 2513 702 2603 picis;
719 2534 801 2579 mna
823 2513 858 2580 h.
876 2514 900 2581 l.
918 2513 1050 2603 pondus
1068 2513 1256 2601 significat;
1280 2514 1307 2579 si
1322 2515 1528 2602 intelligitur

211 2641 292 2687 mna
311 2642 452 2707 graeca,
469 2619 639 2710 impendit
651 2619 765 2687 Daniel
785 2625 828 2687 tt
845 2619 950 2686 libras
963 2618 1079 2709 pondo
1090 2620 1177 2710 pitis
1189 2643 1268 2688 oum
1284 2621 1385 2711 adipe
1401 2628 1433 2687 et
1450 2622 1528 2714 pilis

211 2725 256 2794 ad
274 2728 446 2817 placentas
463 2725 647 2794 faciendas.
665 2726 769 2812 Magis
788 2726 877 2792 laeta
902 2732 952 2792 est
965 2727 1190 2814 interrogatio
1214 2727 1257 2794 ad
1279 2728 1472 2796 irrisionem
1494 2737 1527 2796 et

210 2834 418 2924 vituperium
433 2832 524 2924 apud
539 2837 619 2899 Lxx
634 2854 642 2899 :
658 2853 770 2898 nonne
783 2833 869 2899 haec
888 2832 1081 2922 (eiusmodi)
1098 2832 1222 2918 colitis,
1248 2838 1327 2902 rex?
1347 2857 1450 2925 quam
1466 2859 1527 2925 po-

210 2941 261 3007 uit
272 2941 388 3008 Daniel
402 2939 582 3007 ostendens
608 2939 683 3025 regi
701 2945 892 3028 serpentem
913 2940 1119 3029 disruptum.
1136 2945 1259 3007 Narrat
1276 2942 1462 3008 Herodotus
1478 2944 1523 3032 (8,

211 3047 268 3135 ll)
281 3049 429 3138 serpenti
443 3048 481 3112 in
494 3046 670 3136 Acropolis
685 3045 892 3112 atheniensis
905 3046 1099 3112 sanctuario
1111 3047 1285 3135 placentas
1298 3049 1398 3114 melle
1413 3050 1527 3116 condi-

209 3162 261 3222 tas
278 3175 347 3220 esse
365 3153 513 3233 oblatas3
531 3152 706 3243 placentas
716 3152 833 3217 Daniel
847 3174 985 3240 quoque
1005 3152 1151 3219 confecit
1167 3152 1226 3218 sed
1244 3153 1369 3243 quibus
1387 3176 1526 3243 serpens

209 3261 349 3350 periret.
365 3264 448 3326 Cum
468 3259 618 3347 serpenti
635 3277 704 3323 non
725 3257 769 3324 sit
782 3263 955 3343 gustatus,
973 3257 1074 3323 avide
1090 3257 1264 3325 devoravit
1286 3259 1379 3326 cibos
1397 3260 1526 3327 oblatos

211 3369 271 3456 qui
285 3389 363 3434 oum
378 3366 543 3455 concoqui
558 3387 626 3431 non
645 3368 795 3454 possent,
812 3365 872 3430 sed
886 3364 1034 3430 firmiter
1045 3365 1227 3431 haererent
1244 3366 1281 3431 in
1296 3367 1359 3432 viis
1377 3368 1526 3453 gutturis

211 3473 553 3564 ventrisqueanimal
565 3470 826 3538 interficiebant.

207 3594 209 3598 ’
256 3582 427 3649 Danielem
440 3584 581 3669 propter
599 3578 761 3644 bonorem
784 3583 818 3645 et
832 3579 1020 3644 amicitiam
1039 3578 1132 3664 regis
1151 3579 1216 3646 sibi
1231 3581 1418 3646 multorum
1440 3580 1526 3646 invi-

209 3688 344 3756 diamet
358 3687 476 3754 odium
487 3685 646 3753 conflasse
657 3707 757 3754 nemo
771 3685 933 3771 negabit;
946 3685 990 3752 ei.
1008 3691 1078 3768 cn.
1096 3693 1135 3769 5;
1153 3692 1331 3775 praeterea
1340 3685 1526 3752 accedebat

210 3795 302 3885 quod
318 3800 391 3862 erat
402 3794 611 3880 alienigena,
634 3791 795 3872 iudaeus,
813 3814 901 3858 unus
917 3792 1079 3878 igiturex
1095 3790 1248 3860 devictis.
1272 3792 1393 3860 Odium
1410 3799 1524 3859 autern

209 3908 244 3970 et
264 3903 332 3969 iras
353 3901 449 3992 quasi
466 3901 502 3967 in
526 3902 732 3965 immensum
749 3899 910 3979 crevisse,
938 3920 1016 3964 eum
1036 3898 1153 3965 Daniel
1176 3899 1242 3966 diis
1256 3900 1524 3986 Babyloniorum

208 4009 383 4092 illuderet,
406 4031 446 4075 eo
458 4005 591 4074 facilius
604 4004 796 4097 putandum
812 4006 892 4087 erit,
910 4027 979 4094 quo
994 4007 1103 4092 magis
1120 4006 1252 4073 iurares
1274 4006 1368 4092 vulgi
1384 4008 1523 4074 excitari

208 4116 355 4183 solentsi
368 4115 619 4205 superstitiones
633 4113 705 4178 eius
720 4133 902 4199 aggressus
911 4112 1029 4179 tueris.
1047 4116 1086 4178 Et
1100 4134 1179 4178 eum
1193 4114 1331 4202 auspice
1346 4117 1380 4178 et
1392 4112 1524 4180 fautore

207 4243 290 4309 rege
311 4221 506 4307 alienigena
537 4218 702 4286 eiusmodi
731 4218 853 4284 fierent
883 4217 1062 4304 religionis
1087 4217 1302 4306 deorumque
1329 4220 1520 4299 irrisiones,

208 4328 386 4416 Babylonii
409 4329 446 4394 iu
469 4327 600 4393 rabiem
619 4325 813 4412 agebantur
836 4330 870 4390 et
889 4324 1111 4391 rebellionem
1135 4326 1173 4390 in
1194 4347 1311 4412 regem
1326 4326 1522 4394 movebant.

209 4439 365 4502 Ceterum
381 4435 462 4500 satis
476 4437 595 4499 notum
612 4436 660 4497 est
675 4437 887 4522 quantopere
902 4431 1002 4520 proni
1021 4431 1150 4497 fuerint
1169 4432 1212 4498 ad
1228 4431 1425 4514 seditiones;
1445 4455 1523 4499 eum

209 4543 300 4610 enim
313 4541 459 4629 Assyriis
468 4540 657 4622 subessent,
671 4561 770 4628 saepe
786 4537 1000 4604 rebellabant
1016 4543 1048 4602 et
1063 4559 1161 4624 reges
1173 4539 1387 4624 Assyriorum
1398 4540 1523 4605 iterum

207 4648 402 4737 iterumque
422 4670 477 4714 eos
491 4645 580 4713 bello
596 4645 761 4712 subiicere
781 4644 970 4727 debebant3
989 4643 1169 4711 seditiones
1183 4645 1287 4712 etiam
1308 4645 1522 4735 postmodum

207 4755 342 4846 saepius
357 4753 516 4823 excitatas
537 4775 607 4821 esse
624 4759 743 4820 notum
767 4755 827 4818 est.
851 4750 969 4818 Darius
996 4774 1029 4817 v.
1052 4773 1086 4837 g.
1108 4757 1225 4820 narrat
1250 4752 1284 4818 in
1303 4752 1522 4842 inscriptione
