3550 5367
718 359 794 418 ou.
818 360 847 433 a,
870 359 967 419 aras
1463 359 1502 416 aa

185 529 286 596 usqae
313 505 349 574 in
374 508 568 590 sacerdtem,
596 509 678 600 qnia
699 507 871 597 sapientia
894 522 927 575 et
942 507 1110 600 fortitudo
1129 508 1201 574 eins
1223 520 1322 588 sient,
1342 530 1375 573 s.
1400 513 1439 573 21
1468 519 1500 572 et

182 612 252 702 inse
267 625 380 680 rrttrtat
399 627 555 703 tempora
579 627 613 680 at
635 627 780 696 aetates,
798 616 958 702 transfert
981 637 1086 703 repna
1108 627 1210 703 atque
1236 614 1424 695 constitnit,
1441 613 1502 679 dat

182 720 386 808 sapientiam
401 720 608 810 sapientibus
618 734 651 789 et
663 722 840 788 scientiam
862 720 1129 812 intellipentibas
1150 720 1367 810 disciplinam
1372 741 1387 803 ‚·
1408 744 1439 787 v.
1459 726 1501 785 22

182 827 250 914 ipse
264 828 392 894 revelat
399 828 574 917 profonda
583 841 616 894 et
630 827 828 896 abscondita
839 840 872 896 et
884 829 979 895 norit
992 829 1029 894 in
1040 827 1182 894 tenebris
1198 828 1380 894 emistitnta
1396 840 1429 892 et
1440 827 1503 893 lna

182 955 259 1000 enm
271 955 309 999 eo
321 947 388 1016 est,·
397 957 430 1002 v.
443 941 484 1001 23
498 933 804 1027 tibiDeaspntrum
816 935 1180 1024 nostroramoonfiteor
1189 934 1410 1024 teqnelondo,
1420 935 1502 1023 qnia

180 1040 386 1129 sapientiam
401 1053 433 1107 et
445 1040 687 1129 fortitudinem
702 1041 826 1109 dedisti
845 1041 934 1108 milri
949 1055 984 1109 et
996 1065 1088 1108 name
1108 1041 1284 1108 ostendisti
1304 1042 1393 1108 miti
1414 1063 1502 1129 qrrae

181 1147 376 1235 roqauimns
400 1158 447 1228 te,
470 1148 552 1236 qaia
577 1169 765 1216 sermonem
790 1150 876 1238 repis
906 1148 1073 1238 aperaisti
1096 1147 1192 1214 nobr's
1213 1149 1250 1213 »l
1276 1185 1322 1196 -
1347 1149 1382 1212 in
1409 1153 1501 1212 textu

180 1273 288 1319 aram.
309 1277 317 1322 :
334 1255 508 1346 transfert,
524 1259 674 1321 removet
699 1255 751 1321 vel
772 1255 913 1345 deponit
936 1278 1029 1343 repes
1050 1267 1083 1320 et
1102 1253 1277 1321 constitnit
1295 1275 1408 1342 repes;
1431 1275 1501 1326 ser-

180 1381 315 1426 monem
334 1360 425 1447 regis
438 1362 571 1450 explica
590 1383 663 1430 rem
675 1362 768 1447 regis
784 1361 826 1427 dc
842 1384 912 1451 qua
925 1363 1042 1447 agitur
1056 1368 1091 1428 et
1108 1361 1298 1450 quaeritur,
1320 1361 1343 1426 i.
1364 1380 1394 1425 e.
1411 1379 1501 1425 som·

180 1467 276 1532 nium
292 1466 385 1556 quod
407 1467 493 1534 scire
508 1467 669 1558 postulat.
698 1472 735 1534 ln
756 1468 820 1534 hae
839 1468 993 1535 oratione
1012 1467 1133 1535 laudes
1154 1470 1221 1532 Deo
1245 1466 1345 1549 dicit,
1371 1466 1431 1554 qui
1454 1471 1504 1530 est

180 1593 313 1638 summe
328 1574 462 1662 sapiens
486 1581 519 1641 et
538 1579 656 1663 potens
681 1578 714 1641 et
732 1581 912 1664 tamquam
932 1574 1035 1642 talem
1053 1597 1089 1640 sc
1113 1574 1219 1641 servis
1242 1574 1310 1638 suis
1329 1571 1502 1656 benignis-

117 1724 124 1739 .
180 1678 264 1744 sime
279 1679 453 1761 exhibuit3
469 1679 629 1746 iubilanti
645 1681 759 1747 animo
773 1681 895 1748 recolit
921 1681 1013 1770 quod
1034 1682 1109 1770 ipsa
1132 1681 1260 1747 visione
1278 1685 1437 1767 expertus
1454 1683 1504 1742 est

180 1787 284 1850 Deum
301 1807 399 1851 nosse
412 1793 445 1852 et
460 1787 612 1854 revelare
627 1787 763 1854 occulta
775 1794 808 1853 et
829 1788 937 1854 servis
958 1787 1030 1854 suis
1046 1809 1132 1876 quos
1147 1791 1249 1853 antea
1269 1785 1338 1850 iam
1354 1785 1502 1850 honora-

179 1897 278 1958 verat
302 1890 391 1959 dono
409 1893 598 1980 sapientiae
623 1892 730 1982 (1,19.
751 1894 808 1982 20)
833 1911 962 1960 novum
980 1893 1151 1960 addidisse
1176 1891 1362 1982 sapientiae
1381 1890 1500 1967 decus3

179 1996 216 2064 in
230 1999 288 2064 Dei
309 1998 558 2084 gubernatione
577 1998 751 2066 laudanda
773 2022 805 2067 v,
834 2006 874 2066 21
901 2001 973 2067 iam
996 2001 1103 2089 ipsius
1119 1999 1242 2066 somnii
1261 2002 1502 2084 argumentum

180 2103 223 2170 ad
236 2105 412 2194 praeconii
432 2106 610 2172 materiam
625 2105 799 2173 transfert.
819 2106 1144 2193 Haecigituroratio
1155 2111 1189 2171 et
1207 2103 1503 2190 gratiarumactio

181 2212 352 2300 aptissime
375 2232 415 2276 cx
433 2214 606 2278 occasione
631 2214 681 2278 rei
710 2219 815 2278 enata
842 2217 891 2278 est
914 2234 1040 2301 eosque
1066 2212 1174 2278 animi
1199 2232 1316 2277 sensus
1344 2209 1505 2299 exprimit

182 2317 305 2406 quibus
328 2317 475 2408 aptiores
494 2341 557 2408 pro
575 2341 615 2384 eo
635 2323 724 2385 statu
740 2320 898 2404 cogitare
916 2341 1078 2407 nequeas.
1097 2322 1268 2406 Frequens
1281 2322 1329 2382 est
1347 2316 1405 2382 Dei
1420 2314 1506 2382 coeli

181 2424 384 2514 appellati0;
401 2424 493 2490 iuter
509 2431 628 2512 gentes
643 2425 735 2515 apud
751 2447 835 2515 quas
854 2447 1005 2511 augures
1022 2423 1108 2491 coeli
1131 2423 1330 2513 trequentes
1353 2426 1453 2488 erant
1469 2426 1503 2488 et-

181 2551 268 2618 quae
287 2552 308 2596 a
330 2531 437 2617 signis
452 2532 539 2598 coeli
558 2532 674 2598 omina
693 2532 855 2621 petebant
876 2532 931 2620 (ls.
950 2535 1144 2612 t7‚13.ler.
1165 2530 1258 2619 10‚2)
1279 2530 1344 2596 hoc
1367 2528 1424 2594 Dei
1438 2549 1501 2594 no-

182 2658 259 2702 men
270 2642 304 2703 et
316 2638 461 2706 maxime
472 2637 696 2704 honorificum
709 2643 781 2706 erat
791 2640 935 2706 etetiam
951 2660 1087 2704 summa
1099 2637 1246 2705 utilitate
1257 2635 1500 2724 usurpabatur.

227 2747 287 2809 Per
302 2743 477 2810 Danielem
491 2743 616 2833 reliqui
636 2767 773 2833 quoquc
790 2747 884 2831 magi
903 2739 924 2811 a
938 2743 1043 2813 caede
1058 2749 1250 2811 servantur.
1265 2746 1315 2807 lta
1333 2746 1419 2808 Deus
1432 2761 1500 2806 ser-

182 2871 262 2916 vum
289 2871 390 2916 suum
413 2851 506 2940 apud
535 2872 653 2917 omnes
677 2851 790 2917 reddit
819 2853 1042 2940 conspicuum
1072 2855 1105 2916 et
1137 2849 1308 2917 celebrem
1334 2868 1501 2936 suamque

179 2957 368 3044 potentiam
391 2957 552 3043 gentibus
570 2957 644 3023 luae
667 2958 792 3024 clarius
812 2958 1021 3036 manifestam
1040 2980 1072 3023 v.
1091 2963 1133 3024 22
1153 2985 1168 3017 a
1181 2968 1262 3044 post
1281 2955 1366 3020 haee
1381 2951 1505 3018 Daniel

181 3063 347 3152 inpressas
358 3063 406 3130 ad
418 3063 542 3130 tricoli
554 3086 656 3153 qnam
672 3065 892 3131 constituerat
902 3087 963 3130 rea
978 3075 1017 3129 at
1027 3063 1189 3152 perderet
1207 3062 1376 3149 sapientes
1392 3057 1502 3147 naty-

182 3168 283 3250 lonis‚
300 3168 396 3235 sirei
410 3170 542 3236 locutas
556 3181 603 3235 est
620 3191 631 3235 .·
648 3171 815 3258 sapientes
831 3169 1016 3258 Babylonis
1038 3191 1079 3236 ne
1097 3167 1228 3258 perdas
1236 3189 1250 3249 ;
1272 3164 1430 3232 introduc
1449 3186 1502 3228 me

181 3275 217 3342 in
241 3288 420 3363 conspecta
442 3276 527 3364 repis
540 3289 572 3341 rt
595 3276 796 3344 solationem
811 3278 885 3364 rapi
906 3274 1055 3342 narrabo
1076 3297 1111 3357 »3
1133 3312 1177 3323 -
1197 3275 1499 3340 interimerem:

182 3393 360 3474 propterea
375 3383 548 3468 ingressus
562 3388 612 3448 cst
627 3383 761 3462 Daniel,
779 3384 861 3470 quia
872 3384 947 3449 scil.
963 3382 1135 3449 somnium
1148 3381 1240 3466 regis
1258 3379 1286 3444 ei
1311 3377 1501 3444 revelatum

182 3493 266 3556 erat.
283 3489 405 3556 Adueh
425 3489 474 3556 rei
490 3491 637 3556 novitate
652 3495 686 3558 ct
702 3488 928 3556 admiratione
942 3487 1118 3578 perculsus
1133 3508 1223 3568 rem,
1241 3492 1280 3552 ut
1294 3490 1417 3551 natura
1436 3484 1502 3550 fert

182 3599 217 3663 in
234 3595 296 3662 tali
310 3595 519 3676 conditione,
537 3618 615 3662 eum
634 3596 850 3663 festinatione
866 3595 1002 3685 peragit
1016 3619 1049 3661 v.
1068 3601 1109 3662 25
1128 3623 1143 3654 α
1165 3607 1245 3659 tanc
1263 3591 1390 3658 Arioelr
1407 3590 1502 3678 sesti·

181 3725 243 3769 nris
257 3701 447 3768 introdusit
460 3702 638 3768 Danielem
656 3701 702 3769 ad
713 3725 827 3792 repam
840 3714 872 3768 et
894 3701 983 3768 droit
997 3701 1056 3768 ei:
1079 3701 1197 3767 inveni
1212 3699 1384 3766 dontinem
1400 3695 1441 3761 de
1460 3696 1502 3784 fi-

182 3809 237 3876 liis
258 3808 566 3898 transrm'prntionis
590 3809 677 3875 luda
700 3809 763 3899 qni
783 3807 988 3879 solationem
1010 3808 1084 3897 repi
1104 3804 1303 3887 anrrantiet,·
1327 3827 1359 3869 v.
1384 3808 1425 3868 rs
1449 3823 1500 3866 re-

181 3914 317 4005 spondit
331 3937 390 3981 raa
400 3927 432 3981 ct
444 3913 531 3981 dicit
545 3915 697 3995 Danieli,
717 3916 812 3982 enias
822 3938 946 3981 noaeen
960 3927 1034 3981 erat
1049 3914 1223 3980 Baltassar
1238 3933 1250 3979 .·
1262 3922 1410 4000 patasne
1428 3929 1501 3973 nere

180 4035 274 4112 potes
288 4021 376 4088 milri
387 4021 538 4088 indicare
550 4022 719 4088 somnium
740 4022 835 4110 qnod
848 4021 922 4088 vidi
938 4034 969 4088 et
984 4020 1295 4109 interpretationem
1309 4017 1379 4084 eins
1402 4014 1441 4078 »l
1456 4053 1500 4062 -

183 4127 303 4196 modus
326 4149 395 4216 quo
420 4129 546 4196 Arioch
569 4129 722 4218 loquitur
743 4127 918 4218 aliquibus
940 4128 1048 4217 (tria.
1071 4129 1191 4216 Lenp.)
1214 4127 1262 4191 ita
1282 4125 1389 4188 mirus
1411 4121 1502 4187 visus

183 4239 246 4316 est,
264 4241 302 4301 ut
312 4239 473 4324 putarent
489 4234 569 4301 libri
583 4236 783 4324 scriptorem
799 4235 865 4300 sibi
881 4234 1024 4301 minime
1044 4238 1197 4301 constare
1214 4237 1249 4298 ct
1266 4232 1337 4297 iam
1353 4229 1500 4294 oblitum

183 4363 253 4408 esse
278 4363 366 4430 quac
389 4341 426 4407 in
445 4363 476 4408 r.
506 4348 546 4408 16
565 4347 745 4409 narrasset.
772 4345 813 4406 at
835 4341 904 4406 iam
930 4340 1038 4408 llald.
1061 4347 1177 4407 monet
1201 4338 1325 4405 Arioeh
1349 4335 1502 4402 nescium

183 4447 285 4514 tuisse
300 4447 473 4514 Danielem
486 4449 582 4538 prius
599 4470 619 4513 a
637 4469 718 4532 rege
734 4451 869 4536 tempus
883 4445 926 4512 de
944 4447 1068 4512 somnii
1082 4444 1331 4532 significatione
1345 4444 1501 4528 cogitan-

184 4552 218 4618 di
234 4553 437 4643 postulasse;
459 4554 512 4620 vel
527 4554 629 4620 etiam
645 4552 759 4620 dicere
773 4553 903 4642 poteris
922 4552 1016 4618 cerni
1031 4553 1067 4618 in
1082 4551 1185 4618 modo
1198 4549 1363 4640 loquendi
1379 4568 1502 4637 super-

184 4657 277 4724 biam
291 4659 457 4750 principis
472 4659 612 4727 militiae
629 4661 687 4750 qui
709 4659 872 4726 iudaeum
895 4659 1069 4747 captivum
1089 4659 1278 4725 contemnit
1292 4679 1354 4722 nec
1376 4674 1501 4721 nomen

185 4767 256 4832 eius
269 4765 425 4855 prolerre
440 4765 615 4854 dignatur.
