3550 5367
1494 364 1648 422 DAN.
1695 366 1755 435 2,
1803 365 1997 426 39-40
2487 356 2493 365 ’
2980 364 3059 423 89

420 537 493 603 p.
532 519 661 581 ΜΞ).
700 531 882 598 seg.;
919 514 1277 601 Brunenqo
1313 511 1359 579 l.
1395 535 1452 579 c.
1488 535 1556 600 p.
1594 519 1721 582 245
1751 515 1957 603 seq.).
1991 518 2082 579 De
2121 514 2317 580 titulo
2347 536 2467 581 rear
2507 535 2745 603 requm
2779 512 2936 579 vide
2975 517 3054 579 1s.

422 627 612 703 .10,9.
645 624 753 686 ΕΖ.
792 607 976 703 2637.

515 731 586 791 V.
623 733 706 792 39
740 754 770 785 «
825 737 1072 815 etpost
1113 738 1172 791 te
1208 737 1561 815 consurqet
1603 748 1888 815 reqnum
1942 726 2139 794 aliud
2188 727 2413 794 minus
2443 740 2505 794 te
2533 739 2928 817 arqentezcm
2952 778 2966 804 ,
2998 739 3065 790 ec

424 855 709 922 reqnum
735 833 1008 899 tertium
1028 831 1227 899 aliud
1244 854 1518 899 aereum
1537 832 1725 922 quod
1745 832 2111 924 imperabit
2135 835 2487 900 universae
2516 848 2734 900 terrae
2747 854 2775 917 ,·
2793 857 2857 899 ν.
2885 841 2967 900 [ιο
2997 844 3064 899 et

425 962 712 1029 requam
759 950 1080 1028 quartum
1133 939 1261 1005 erit
1308 937 1494 1005 velut
1523 940 1833 1026 ferrum;
1876 940 2215 1030 quomodo
2255 942 2517 1029 serrum
2565 940 2966 1006 comminuit
2999 952 3066 1005 et

425 1045 661 1112 domat
700 1046 965 1126 omnia,
1010 1045 1106 1111 sic
1143 1046 1556 1112 comminuet
1599 1058 1665 1112 et
1703 1059 2000 1113 conteret
2039 1048 2273 1113 omnia
2311 1048 2479 1114 haec
2514 1070 2586 1129 »3
2634 1086 2721 1096 —
2770 1049 2837 1111 in
2882 1051 3063 1113 textu

426 1174 645 1219 aram.
677 1151 903 1218 denuo
937 1150 1217 1219 additur
1248 1175 1263 1220 ε
1299 1158 1375 1218 ut
1413 1152 1675 1219 ferrum
1710 1153 1899 1241 quod
1948 1154 2259 1221 conterit.
2299 1157 2373 1220 ln
2413 1155 2563 1221 aliis
2601 1154 2889 1220 textibus
2926 1174 3064 1218 non

427 1259 688 1346 legitur
710 1260 782 1324 in
813 1281 878 1324 V.
910 1265 992 1325 39
1024 1271 1418 1347 arqentezcm
1432 1278 1460 1340 ;
1485 1265 1555 1325 at
1585 1258 1657 1324 id
1687 1259 2217 1347 intelligendum
2248 1283 2389 1327 esse
2418 1265 2484 1327 et
2510 1282 2806 1347 regnum
2834 1281 3067 1327 secun-

428 1365 595 1431 dum
632 1366 729 1431 ita
756 1364 1104 1450 designari
1146 1364 1401 1432 debere
1433 1371 1693 1432 certum
1735 1371 1853 1432 est.
1904 1372 2049 1433 Po'st
2080 1379 2142 1434 te
2182 1368 2227 1434 i.
2270 1389 2331 1434 e.
2366 1373 2516 1457 post
2549 1386 2845 1453 regnum
2876 1365 3066 1432 cuius

427 1477 636 1561 caput
662 1471 1288 1538 Nabuchodonosor
1313 1478 1445 1552 est;
1476 1494 1709 1558 regem
1734 1474 1916 1539 enim
1947 1472 2292 1540 nominari
2325 1496 2404 1540 eo
2434 1495 2633 1539 sensu
2667 1481 2741 1539 ut
2770 1494 3061 1559 regnum

429 1582 923 1666 repraesentet,
968 1577 1105 1643 iam
1158 1577 1467 1667 sequitur
1508 1601 1586 1644 eo
1630 1578 1822 1668 quod
1860 1581 2084 1646 tribus
2127 1580 2275 1646 aliis
2315 1581 2548 1665 regnis
2586 1578 2956 1668 opponitur
3000 1585 3068 1645 et

430 1683 620 1773 quod
667 1683 961 1750 alterum
1009 1705 1303 1769 regnum
1355 1683 1608 1751 dicitur
1647 1685 1875 1751 minus
1926 1697 2031 1769 te;
2077 1691 2436 1774 praeterea
2484 1708 2638 1752 cum
2686 1690 2907 1751 statua
2950 1684 3067 1751 illa

429 1791 904 1879 exprimantur
932 1811 1180 1878 regna,
1216 1811 1636 1879 consequens
1679 1797 1811 1872 est,
1856 1793 1952 1858 uti
1990 1793 2140 1858 aliis
2180 1793 2327 1860 eius
2362 1792 2680 1881 partibus
2715 1792 2811 1858 ita
2848 1792 3068 1880 capite

428 1918 704 1986 quoque
747 1914 1074 1984 regnum,
1119 1918 1257 1963 non
1302 1918 1516 1962 unum
1545 1919 1784 1984 regem
1829 1897 2210 1984 designari.
2248 1903 2560 1984 Regnum
2608 1903 2843 1965 autem
2888 1896 3068 1986 quod

430 2008 580 2092 post
607 2002 1038 2069 chaldaicum
1074 2001 1179 2069 vel
1214 2003 1705 2089 babylonicum
1739 2008 1968 2072 ortum
2003 2011 2101 2070 est
2128 2004 2319 2070 aliud
2367 2027 2501 2071 non
2544 2010 2642 2071 est
2680 2005 2809 2069 nisi
2838 2003 3068 2069 medo-

430 2110 797 2198 persicum.
848 2113 984 2175 Hoc
1037 2108 1291 2175 dicitur
1339 2108 1597 2189 minuc,
1656 2110 1988 2190 inferius,
2042 2110 2377 2177 humilius
2438 2111 2699 2199 primo;
2748 2109 2823 2175 id
2887 2108 3069 2198 quod

429 2216 656 2304 ipsum
697 2219 1062 2301 argentum
1092 2215 1486 2300 significare
1523 2214 1822 2281 videtur.
1862 2215 2208 2293 Quomodo
2258 2221 2488 2282 autem
2526 2216 2754 2306 primo
2785 2215 3071 2280 inferius

431 2324 549 2404 sit,
579 2322 764 2388 varie
816 2321 1238 2410 concipiunt,
1274 2322 1489 2411 priori
1527 2322 1835 2403 cessisse,
1872 2323 1927 2387 si
1976 2328 2238 2412 spectes
2281 2345 2475 2412 opeS,
2511 2322 2820 2403 divitias,
2859 2320 3071 2387 robur

435 2426 710 2516 (Euseb.
767 2428 851 2494 de
903 2428 1345 2517 Theophania
1400 2435 1521 2506 12;
1567 2431 1662 2496 M.
1712 2436 2001 2512 2l·‚660;
2058 2429 2374 2516 Theod.);
2428 2429 2546 2495 illo
2595 2430 2821 2495 minus
2868 2428 3071 2493 fuisse

432 2534 808 2621 gloriosum
844 2536 1103 2622 (Sanct.
1134 2538 1304 2624 Lap.
1363 2534 1563 2623 Tira),
1608 2555 1746 2601 non
1788 2534 1957 2601 adeo
2002 2557 2334 2623 magnum
2376 2541 2442 2602 et
2476 2541 2816 2602 extentum
2863 2533 3071 2623 (Klz‘e-

427 2641 645 2731 [πῶς
680 2642 883 2708 fuisse
915 2634 1218 2707 moribus
1258 2642 1480 2727 magis
1510 2641 1964 2730 depravatum
1999 2643 2211 2729 (Men.
2247 2641 2422 2709 Azcb.
2452 2642 2583 2731 Z.);
2621 2642 2961 2708 recentius
2990 2664 3067 2707 ac

430 2749 713 2814 brevius
744 2747 918 2836 (Per.
957 2746 1246 2836 Calm.);
1282 2747 1623 2814 infirmius
1667 2754 1953 2838 propter
1980 2748 2327 2815 defectum
2357 2748 2636 2815 unitatis
2674 2749 2777 2837 (D.
2828 2747 3066 2835 Keil.);

433 2854 544 2921 vel
582 2853 764 2943 quod
805 2853 1119 2942 pluribus
1156 2853 1416 2942 placuit
1453 2854 1629 2920 nihil
1659 2853 1852 2949 aliud
1881 2854 2016 2921 dici
2048 2857 2179 2921 nisi
2216 2857 2421 2922 fuisse
2449 2860 2758 2944 tempore
2787 2854 3074 2919 inferius

433 2965 483 3029 i.
516 2984 576 3027 e.
611 2959 1018 3044 secundum,
1060 2964 1207 3050 post
1235 2962 1538 3049 primum
1567 2982 1859 3050 sequens
1892 2961 2135 3049 (Mald.
2178 2961 2373 3029 Rolzl.
2415 2960 2641 3050 Heb.).
2682 2960 2815 3026 Sed
2853 2960 3070 3026 solum

433 3068 746 3134 ordinem
772 3067 1097 3156 temporis
1130 3067 1477 3153 designari
1511 3067 1621 3132 vix
1651 3067 1982 3134 credibile
2016 3074 2114 3133 est
2156 3088 2380 3156 neque
2411 3067 2500 3133 ad
2540 3068 2669 3133 hoc
2709 3065 3076 3132 concordat

434 3173 624 3264 quod
658 3177 945 3259 argento
984 3172 1414 3239 describitur.
1453 3177 1616 3239 Cum
1658 3172 1748 3240 ab
1789 3175 1937 3262 ipso
1986 3174 2259 3240 Daniele
2306 3179 2373 3240 et
2411 3194 2657 3239 aurum
2698 3177 2764 3237 et
2811 3173 3071 3238 ferrum

432 3283 532 3348 ita
570 3280 964 3371 explicetur,
997 3283 1073 3345 ut
1118 3279 1316 3365 regni
1362 3277 1625 3344 indoles
1673 3279 1783 3345 vel
1815 3302 2069 3369 pompa
2110 3279 2216 3346 vel
2246 3279 2461 3345 robur
2491 3302 2568 3345 ac
2606 3279 2921 3366 tyrannis
2959 3278 3074 3343 de-

435 3387 761 3469 claretur,
796 3391 977 3453 certe
1006 3407 1436 3474 summopere
1462 3385 1822 3475 probabile
1856 3393 1950 3452 est
1981 3386 2188 3453 etiam
2221 3386 2501 3476 reliquis
2534 3385 2802 3452 duobus
2837 3385 3072 3450 metal-

434 3496 551 3577 lis,
583 3498 871 3580 argento
916 3497 981 3559 et
1016 3514 1203 3575 aere,
1249 3514 1388 3558 non
1419 3492 1636 3559 solum
1677 3494 2008 3582 temporis
2052 3493 2599 3561 consecutionem
2645 3492 2760 3560 sed
2807 3491 3070 3580 aliquid

436 3602 650 3690 ipsius
693 3600 892 3687 regni
937 3599 1136 3665 nobis
1166 3600 1481 3689 proponi.
1529 3603 1671 3665 lam
1718 3599 2020 3685 Babylon
2079 3606 2363 3690 propter
2404 3599 2720 3667 aedificia
2761 3597 3072 3684 magnifi-

434 3707 823 3774 centissima
859 3706 1304 3794 omniumque
1342 3705 1740 3773 divitiarum
1788 3706 2226 3795 splendorem
2277 3707 2688 3773 miraculum
2719 3705 2903 3771 orbis
2933 3710 3070 3769 ter-

436 3835 672 3880 rarum
704 3813 1134 3906 censebatur;
1166 3813 1237 3878 in
1267 3812 1428 3902 ipsis
1466 3835 1517 3879 S.
1549 3811 1797 3878 litteris
1826 3812 1976 3885 eius
2006 3814 2209 3900 regni
2238 3811 2565 3902 splendor
2593 3834 2727 3877 non
2759 3833 2896 3876 uno
2919 3811 3071 3876 loco

438 3919 858 4001 celebratum
886 3923 1323 4008 comparatur
1343 3918 1579 3984 stellae
1609 3919 2014 4002 matutinae,
2046 3925 2330 3986 vocatur
2364 3919 2641 3986 domina
2667 3938 3065 4001 regnorum,

438 4026 737 4112 gloriosa
756 4027 825 4091 in
849 4025 1102 4111 regnis,
1132 4026 1387 4111 inclyta
1405 4024 1726 4114 superbia
1757 4024 2254 4091 Chaldaeorum
2281 4026 2384 4110 (ls.
2418 4031 2655 4104 13,19;
2697 4029 2899 4105 1t0‚1·2
2925 4045 3063 4112 seq.

439 4131 652 4220 425).
681 4136 928 4198 Tantae
958 4131 1172 4217 igitur
1191 4130 1691 4219 pulchritudini
1725 4136 2047 4220 tantoque
2073 4131 2425 4220 splendori
2452 4131 2771 4195 convenit
2796 4151 3064 4195 aurum.

439 4244 754 4324 Regnum
780 4243 1012 4306 autem
1041 4242 1397 4303 Persarum
1428 4236 1514 4302 ad
1546 4236 1880 4303 eiusmodi
1909 4238 2278 4325 praeconia
2304 4259 2441 4302 non
2467 4237 2815 4325 pervenit3
2848 4237 3070 4302 minus

437 4351 585 4413 erat
628 4343 1096 4434 splendidum;
1145 4344 1327 4410 unde
1385 4349 1748 4433 propterea
1796 4349 2088 4429 argento
2145 4345 2532 4432 comparari
2580 4343 2886 4408 existimo
2946 4343 3062 4431 (cf.

444 4456 800 4540 Bruncnqo
829 4451 875 4516 l.
914 4474 970 4517 c.
1002 4473 1070 4540 p.
1109 4450 1290 4538 437).
1330 4449 1470 4516 Sub
1501 4450 1964 4516 dominatione
1991 4454 2349 4515 Persarum
2382 4449 2687 4538 Babylon
2729 4450 2866 4517 iam
2896 4448 3070 4515 mul-

440 4567 586 4625 tum
623 4581 665 4624 a
694 4559 978 4648 pristino
1015 4556 1372 4646 splendore
1417 4562 1484 4622 et
1522 4558 1808 4646 antiqua
1844 4557 2066 4642 gloria
2105 4557 2384 4622 recessit
2422 4563 2485 4623 et
2524 4556 2880 4647 paullatim
2924 4556 3065 4620 rui-

438 4687 571 4731 nae
602 4663 874 4731 obviam
903 4663 1252 4730 ferebatur
1287 4685 1511 4752 neque
1539 4686 1581 4729 a
1608 4663 1826 4729 Persis
1857 4686 1937 4730 ea
1969 4667 2125 4730 sunt
2155 4669 2383 4731 erecta
2414 4668 2862 4730 monumenta
2891 4683 3066 4750 quae

440 4771 875 4838 admirationi
901 4776 1114 4837 essent
1139 4771 1293 4836 orbi
1326 4777 1688 4838 terrarum.
