3550 5367
622 339 629 350 ’
741 380 820 437 ora.
844 380 873 451 o,
899 379 950 438 ra
1444 382 1501 442 uo

179 537 282 611 runt,
306 534 343 596 ut
361 528 561 596 decerneret
582 528 675 619 quod
697 528 876 611 volebant3
896 528 1066 617 surripere
1087 528 1225 616 exponit
1239 530 1275 595 S.
1293 528 1386 595 Hier.
1405 552 1501 597 :non

178 638 279 704 euim
300 636 365 702 hoc
382 635 487 702 locuti
511 642 589 702 sunt
612 634 706 725 quod
723 657 825 722 agere
846 634 1059 723 cogitabant,
1077 634 1136 701 sed
1152 656 1214 723 per
1231 635 1399 703 honorem
1412 638 1502 723 regis

176 744 324 811 inimico
340 743 532 809 moliuntur
549 741 707 825 insidias;
725 764 760 808 v.
778 749 798 807 7
814 771 829 802 κ
847 739 1025 808 eonsilium
1040 740 1192 807 inierunt
1206 764 1320 809 omues
1328 743 1503 835 principos

177 850 285 940 requi
300 849 368 930 tui,
383 835 604 939 maptstratas
622 861 657 915 et
677 859 853 938 satrapae,
868 860 1039 915 senatores
1062 858 1094 913 et
1117 846 1261 929 iudices,
1277 860 1314 915 at
1332 848 1502 917 decretam
1604 917 1607 925 ,

179 955 448 1047 imperatoriam
464 967 563 1021 exeat
581 967 614 1021 et
632 953 799 1036 edietum,
818 966 857 1021 at
876 955 986 1021 omnis
1005 954 1067 1043 qui
1084 954 1223 1045 petierit
1243 954 1398 1045 aliquaue
1414 957 1504 1046 peti-

182 1064 313 1129 tionem
329 1084 586 1151 aquarumque
605 1060 667 1127 deo
684 1061 869 1127 athemius
888 1059 1058 1151 usquead
1078 1060 1218 1149 triptota
1232 1060 1321 1143 dies,
1342 1062 1409 1129 ne'si
1427 1086 1449 1129 a
1473 1076 1504 1129 ta

182 1192 264 1252 rec,
281 1170 439 1235 nuttatar
452 1169 616 1235 inlocum
629 1168 785 1245 leouam;
800 1190 834 1235 v.
852 1174 977 1235 Suana
989 1167 1105 1257 itaque
1119 1189 1180 1233 rer
1195 1168 1357 1257 confirma
1376 1180 1505 1236 seuten-

183 1275 273 1343 tiam
292 1287 325 1342 et
337 1273 444 1342 scribe
463 1274 649 1356 decretum,
664 1286 705 1342 at
714 1296 785 1340 nou
799 1274 1000 1340 immutetur·
1014 1272 1110 1365 quod
1119 1285 1286 1341 statutum
1301 1287 1347 1341 est
1362 1298 1384 1343 a
1399 1276 1505 1343 Medis

183 1396 220 1448 et
237 1384 346 1450 Persis
365 1404 428 1448 nee
438 1381 677 1471 praevaricari
693 1380 855 1465 csuqaam
871 1380 974 1447 liceat
989 1381 1024 1447 »Ξ
1042 1420 1087 1430 -
1107 1380 1199 1467 regis
1219 1386 1370 1448 mentem
1389 1383 1505 1449 multi-

182 1490 306 1556 tudine
320 1488 357 1555 in
369 1509 446 1555 suas
456 1493 570 1579 partes
583 1488 782 1578 pertrahere
795 1492 828 1553 et
841 1487 938 1576 quasi
952 1486 1149 1577 opprimere
1163 1486 1315 1567 student;
1331 1488 1422 1555 unde
1436 1495 1507 1559 tam

184 1596 342 1663 sedulam
357 1596 489 1662 faciunt
503 1595 679 1663 variorum
698 1595 962 1681 magistratuum
985 1594 1298 1679 enumerationem,
1315 1596 1351 1661 in
1371 1618 1439 1685 qua
1462 1597 1506 1663 si-

186 1702 263 1768 mul
280 1703 417 1789 egregie
441 1702 670 1783 mentiuntur3
687 1722 768 1768 nam
797 1722 876 1767 cum
902 1700 1019 1767 Daniel
1040 1722 1131 1767 unus
1149 1701 1309 1794 princeps
1332 1724 1372 1769 ex
1396 1703 1508 1769 trihus

184 1809 277 1875 nihil
295 1808 362 1875 lale
380 1809 539 1889 suaserit,
557 1809 626 1874 iam
642 1828 711 1874 nou
727 1828 842 1873 omues
854 1806 1030 1896 principes
1045 1806 1227 1874 consilium
1244 1808 1411 1891 inierunt3
1430 1809 1508 1877 vide

186 1939 221 1981 v.
239 1921 277 1993 ·2;
292 1914 333 1981 de
347 1915 423 1981 aliis
439 1914 636 1981 nominihus
650 1915 694 1982 cf.
711 1918 788 1997 3,2;
807 1935 863 1980 eos
876 1914 927 1979 uti
942 1912 1070 1999 insigni
1089 1917 1355 2000 exaggeratione
1379 1916 1449 1983 iam
1470 1939 1509 1983 eo

186 2026 285 2113 patet
302 2020 383 2142 quia
399 2018 576 2087 decretum
590 2025 792 2108 extorquere
809 2020 928 2086 volunt
948 2019 992 2086 ad
1009 2040 1118 2086 unum
1137 2021 1254 2087 Daniel
1272 2022 1506 2111 perdendum

186 2150 297 2217 quare
308 2128 351 2194 iis
362 2127 505 2193 minime
519 2146 622 2193 curae
633 2126 710 2207 luit,
729 2130 767 2192 ut
781 2124 951 2193 eiusmodi
965 2124 1083 2192 decret
1068 2131 1142 2193 tum
1158 2149 1222 2247 per
1237 2131 1287 2193 tot
1273 2133 1346 2194 tum
1360 2150 1509 2215 reguum

187 2234 479 2325 promulgaretur.
497 2232 549 2299 Ad
566 2254 688 2299 eorum
705 2233 815 2299 intent
816 2254 875 2298 um
895 2230 1103 2315 sufficiebat,
1121 2234 1150 2299 si
1167 2233 1203 2299 in
1224 2256 1293 2301 una
1316 2235 1396 2302 aula
1419 2238 1510 2363 regis
1546 2320 1551 2329 ι

187 2344 238 2409 ita
250 2337 532 2421 annuntiabatur,
549 2345 588 2406 ut
600 2339 719 2407 Daniel
732 2338 821 2406 illud
834 2337 985 2405 audiret.

234 2452 281 2515 De
297 2471 336 2514 eo
354 2447 490 2515 decreto
508 2453 684 2535 tamquam
704 2444 747 2511 de
771 2468 808 2512 re
832 2446 935 2535 plane
957 2444 1105 2512 ridicula
1120 2452 1153 2512 et
1175 2468 1263 2535 quae
1283 2447 1337 2513 vel
1352 2409 1511 2516 mandari

188 2556 245 2621 vel
264 2554 432 2644 explorari
455 2552 623 2619 nullat
570 2558 623 2619 rat
624 2552 701 2618 ione
727 2554 834 2642 possit
856 2550 916 2618 sed
937 2550 1086 2640 plane
1061 2557 1105 2617 stt
1131 2552 1282 2621 absurda
1309 2561 1343 2621 et
1363 2554 1508 2641 insulsa,

188 2659 285 2727 Hitz.
298 2660 426 2747 aliique
439 2658 670 2725 rationalistae
683 2657 797 2724 rident
812 2664 846 2725 et
860 2658 1095 2725 narrationem
1114 2662 1291 2748 tamquam
1305 2611 1510 2747 figmentuni

188 2766 362 2834 reiieinnt.
388 2769 430 2831 At
448 2766 633 2831 immerito.
654 2769 739 2831 Nam
756 2764 932 2830 decretum
948 2786 989 2830 eo
1008 2764 1111 2831 modo
1132 2764 1234 2853 dehet
1249 2767 1458 2834 considerari
1478 2776 1512 2835 et

190 2871 338 2964 expendi
352 2872 414 2961 qui
428 2869 600 2938 indicatur
614 2870 705 2937 clare
720 2872 756 2936 in
774 2871 849 2959 ipsa
866 2872 1077 2939 narratione.
1094 2871 1212 2938 Solum
1228 2872 1348 2939 volunt
1366 2876 1510 2963 perdere

189 2979 379 3047 Danielem.
395 2977 525 3044 nahae
539 2982 655 3045 autem
669 2977 749 3044 satis
762 2982 836 3043 erat
850 2978 879 3042 si
890 2998 949 3043 rex
963 2977 1131 3044 eiusmodi
1143 2978 1319 3046 decretum
1334 2987 1507 3063 statueret,

190 3089 219 3153 si
235 3084 354 3153 Daniel
368 3084 405 3150 id
420 3084 626 3174 comperiret
642 3089 675 3150 et
694 3088 812 3149 contra
828 3082 916 3149 illud
931 3088 1062 3169 ageret.
1079 3084 1213 3150 adhoc
1232 3107 1302 3151 non
1316 3108 1401 3175 opus
1419 3094 1507 3171 erat,

190 3199 230 3260 ut
244 3214 308 3283 per
324 3196 435 3259 totum
450 3211 598 3277 regnum
618 3189 910 3280 promulgaretur.
927 3192 1012 3255 Nam
1028 3189 1201 3279 postulare
1220 3195 1258 3257 ut
1272 3214 1373 3258 nemo
1389 3194 1425 3259 in
1440 3199 1510 3262 toto

191 3321 302 3386 regno
314 3320 376 3389 per
395 3304 439 3365 30
460 3296 533 3362 dies
556 3296 709 3385 aliquam
724 3317 797 3362 rem
813 3299 945 3384 peteret
969 3296 1035 3362 nisi
1055 3319 1076 3362 a
1094 3318 1192 3383 rege,
1212 3296 1249 3363 id
1265 3300 1384 3389 utique
1405 3324 1509 3389 quam

191 3407 340 3474 maxime
360 3406 519 3471 insanum
536 3403 663 3470 luisset.
681 3403 908 3470 Nihilominus
927 3402 996 3469 tale
1013 3402 1096 3491 quid
1116 3426 1214 3491 posse
1238 3405 1341 3472 alicui
1363 3412 1510 3494 tyranno

190 3515 228 3579 in
245 3518 404 3579 mentem
430 3510 564 3593 venire,
587 3508 663 3575 vide
688 3509 821 3596 Proleg.
849 3514 891 3575 nt
917 3510 992 3595 regi
1014 3509 1236 3600 persuadere,
1263 3517 1301 3577 ut
1329 3512 1448 3580 aulicis
1474 3514 1510 3581 id

191 3622 379 3709 imperaret
400 3638 470 3706 qua
493 3638 530 3682 re
551 3616 654 3681 simul
674 3616 829 3682 omnium
852 3617 888 3681 in
911 3636 1029 3702 regem
1051 3618 1241 3684 reverentia
1260 3622 1294 3684 et
1314 3620 1510 3688 obedientia

192 3725 402 3816 probaretur
412 3729 446 3789 et
459 3722 575 3807 detegi
589 3727 703 3811 posset
714 3723 742 3787 si
757 3724 817 3812 qui
829 3722 917 3789 torte
931 3721 1043 3788 minus
1058 3722 1119 3789 fidi
1135 3726 1278 3815 regique
1293 3725 1406 3793 devoti
1421 3728 1509 3795 inter

193 3853 250 3899 eos
266 3831 480 3913 exsisterent,
496 3850 565 3895 non
582 3832 632 3894 est
651 3851 672 3895 a
692 3828 870 3895 verisimili
893 3828 1065 3911 alienum;
1092 3830 1197 3919 idque
1218 3853 1259 3897 eo
1279 3834 1406 3919 magia,
1428 3836 1510 3923 quia

192 3936 326 4004 nonde
348 3956 566 4026 quacumque
585 3935 749 4025 petitione
768 3936 896 4021 agitur,
919 3935 979 4003 sed
998 3935 1041 4001 de
1060 3937 1121 4001 tali
1142 3938 1338 4027 precatione
1360 3963 1429 4029 qua
1451 3964 1510 4009 rex

191 4050 373 4133 tamquam
384 4042 521 4132 aliquod
535 4063 663 4109 numen
677 4043 906 4109 honoraretur
919 4047 952 4108 et
966 4048 1218 4129 agnosceretur.
1236 4049 1305 4111 lam
1317 4064 1397 4112 vero
1413 4070 1510 4135 reges

193 4147 402 4240 quandoque
427 4148 464 4214 in
485 4169 631 4215 numero
661 4147 808 4214 deorum
830 4148 1064 4232 habebantur;
1089 4149 1126 4251 id
1149 4155 1279 4217 constat
1304 4152 1347 4218 de
1370 4154 1510 4241 regibus

193 4256 342 4345 Aegypti
361 4254 455 4346 (vide
469 4277 558 4345 quae
573 4255 689 4321 notavi
704 4253 749 4321 ad
768 4258 822 4321 Ez.
838 4261 918 4338 20,3
934 4256 970 4322 in
985 4259 1170 4323 Commeut.
1190 4280 1225 4347 p.
1248 4257 1325 4347 302)
1345 4265 1378 4326 et
1394 4260 1510 4353 aliqua

192 4362 316 4431 saltem
331 4361 462 4431 indicia
476 4361 519 4429 de
533 4359 676 4448 regibus
695 4383 833 4452 quoque
851 4362 994 4451 persicis
1008 4368 1110 4453 atque
1130 4364 1233 4431 etiam
1253 4365 1360 4434 medis
1378 4369 1510 4437 haben-

192 4476 261 4537 tur.
281 4474 380 4553 Nam,
394 4472 432 4535 ut
448 4468 636 4535 Herodotus
651 4475 780 4553 narrat,
800 4468 940 4536 Deiokes
952 4469 1021 4535 iam
1033 4470 1184 4559 plurima
1198 4474 1316 4539 statuit
1330 4480 1363 4541 et
1376 4476 1506 4544 aditum

193 4576 241 4643 ad
253 4598 289 4643 se
307 4574 496 4667 prohibuit,
509 4580 548 4641 ut
558 4598 676 4642 omnes
693 4597 821 4662 magna
834 4576 887 4643 sui
902 4576 1094 4643 reverentia
1108 4564 1279 4645 imbueret
1299 4581 1413 4672 (tas),
1431 4590 1510 4651 Per-

193 4706 247 4752 sas
261 4689 379 4752 autem
392 4704 492 4769 reges
512 4704 589 4750 suos
602 4682 692 4749 inter
705 4682 787 4748 deos
808 4683 920 4749 colere
942 4683 1075 4750 Curtius
1095 4707 1231 4775 quoque
1256 4687 1405 4756 affirmat
1425 4695 1508 4778 (8,5.

197 4791 253 4881 11)
268 4791 324 4858 cui
337 4789 482 4857 aliorum
498 4812 635 4879 quoque
655 4789 850 4857 testimonia
871 4791 1088 4860 consentiunt
1115 4792 1170 4879 (cl.
1186 4794 1284 4863 nott.
1311 4796 1429 4863 ΤιοιΙι.
1457 4798 1509 4865 Vi-
