3550 5367
780 313 857 372 uia.
881 315 911 383 a,
934 314 1030 372 aa-aa
1522 296 1560 378 aa

286 463 319 522 ln
332 479 439 522 rerum
454 463 649 543 singularum
663 462 712 522 rel
728 463 936 542 explicatione
951 461 1001 522 vel
1023 461 1222 540 adaptatione
1241 465 1372 525 varietas
1388 470 1560 529 sententia-

245 576 316 620 mm
337 561 479 620 cernitur
494 561 569 620 satis
585 577 708 638 magna.
726 562 836 637 Neque
855 559 886 619 id
907 561 1025 620 mirum
1049 564 1107 619 est.
1125 561 1214 634 Nam,
1231 562 1277 622 uti
1293 566 1505 626 communiter
1526 568 1562 626 llt

245 655 276 716 in
293 657 470 728 vaticiniis,
486 674 616 718 normae
632 657 787 734 quaedam
803 660 1024 736 proponuntur
1042 657 1260 737 amplissimae
1278 665 1310 720 et
1326 661 1469 739 symbola
1489 665 1560 741 qui·

244 755 304 814 bus
319 759 451 815 evemus
473 754 604 834 plurimi
627 755 853 834 conlprehendi
868 773 905 815 ac
920 756 1151 832 repraesentari
1167 758 1299 833 possint.
1324 758 1413 819 Sicut
1426 755 1513 820 enim
1528 762 1561 821 in

246 870 309 914 uno
331 853 490 913 axiomata
505 853 624 912 multae
647 851 879 913 concluduntur
894 853 1044 912 veritates
1064 858 1095 912 et
1117 854 1235 914 multae
1255 862 1491 935 consequuntur
1509 877 1562 936 ap-

244 950 444 1028 plicationes,
460 951 504 1010 ita
519 951 553 1010 in
570 967 633 1010 uno
655 950 800 1027 symbolo
821 967 931 1011 cursus
944 967 1052 1014 rerum
1074 950 1216 1012 exhiberi
1232 957 1337 1030 potest
1355 972 1392 1014 ac
1407 957 1562 1016 contineri

244 1047 298 1125 qui
321 1065 378 1126 per
400 1047 626 1126 plurasaecula
641 1047 704 1108 alio
719 1047 827 1110 etalio
843 1047 939 1108 modo
954 1048 1087 1108 lormam
1109 1050 1197 1110 illam
1213 1056 1244 1111 et
1265 1053 1399 1131 figuram
1419 1054 1562 1131 symbolo

244 1145 434 1206 delineatam
448 1147 564 1206 iterum
575 1146 755 1227 iterumque
771 1145 937 1224 exprimat.
954 1147 1000 1205 lta
1013 1147 1046 1205 in
1062 1147 1187 1208 duabus
1199 1147 1288 1208 tibiis
1302 1150 1366 1210 iam
1380 1150 1479 1229 aliqui
1494 1170 1561 1212 cer-

244 1249 324 1303 nunt
336 1244 537 1316 duumviros,
554 1244 646 1302 binos
664 1244 825 1315 consules,
843 1244 935 1303 binos
949 1244 1176 1322 imperatores
1193 1264 1290 1306 unum
1312 1248 1344 1306 in
1359 1249 1498 1322 oriente,
1513 1250 1560 1309 al-

243 1345 346 1400 terum
358 1340 390 1400 in
403 1341 583 1414 occidente;
597 1341 630 1400 iu
641 1345 850 1418 regnoautem
863 1341 966 1401 diviso
976 1341 1298 1404 adumbraricensent
1308 1345 1359 1404 vel
1370 1347 1433 1407 duo
1444 1348 1557 1425 capita,

244 1439 293 1497 vel
315 1439 468 1498 lectiones
490 1443 520 1498 et
540 1437 729 1509 discordias,
753 1461 766 1491 «
786 1444 821 1497 ut
839 1455 910 1498 cum
930 1439 1021 1517 plebs
1036 1439 1069 1498 iu
1085 1445 1244 1508 senatum,
1262 1442 1347 1519 Sylla
1362 1444 1394 1502 in
1410 1445 1558 1510 Marium,

243 1539 356 1597 Caesar
370 1536 403 1595 in
425 1536 629 1614 Pompeium,
654 1538 812 1614 Augustus
829 1536 860 1594 in
878 1537 1048 1597 antonium
1063 1541 1094 1597 et
1114 1537 1168 1597 alii
1192 1539 1342 1617 deinceps
1362 1542 1395 1600 in
1410 1541 1489 1601 alios
1503 1544 1559 1612 vin-

244 1638 464 1710 surrexemnl;
483 1633 577 1695 multi
594 1634 690 1693 etiam
713 1633 883 1711 imperium
899 1634 1096 1706 invaserunt3
1113 1635 1196 1695 unde
1219 1635 1310 1714 digiti
1330 1638 1447 1715 pedum
1465 1641 1560 1721 signi-

244 1733 337 1792 llcant
363 1732 621 1809 inaequalitatem
645 1731 841 1809 principum,
863 1749 937 1791 cum
961 1731 1069 1810 plures
1099 1738 1188 1805 suut,
1215 1733 1291 1793 dum
1305 1736 1359 1795 alii
1382 1738 1519 1798 maiores
1537 1739 1557 1797 i.

244 1847 271 1890 e.
288 1829 483 1907 potentiores
498 1829 683 1907 opprimunt
705 1829 855 1888 minores.
870 1828 1076 1889 Potissimum
1090 1848 1166 1890 xero
1191 1831 1328 1892 diuisum
1355 1833 1417 1892 luit
1431 1834 1491 1895 hoc
1515 1854 1563 1895 re·

242 1945 342 2004 gnum
357 1926 493 2003 ideoque
504 1930 705 1998 enervatum,
718 1943 790 1986 cum
801 1926 905 1986 variae
916 1932 1026 2004 gentes
1038 1928 1154 1987 abelus
1166 1929 1388 1990 obedientiase
1402 1922 1559 1994 subduxe-

242 2028 326 2096 runt,
344 2024 469 2102 sibique
486 2023 633 2103 proprios
647 2041 737 2101 reges
758 2027 913 2092 crearunt,
931 2024 976 2084 uti
993 2025 1136 2085 lecerunt
1149 2026 1297 2103 Hispani,
1313 2028 1436 2102 Poloni,
1452 2031 1559 2107 Angli,

243 2123 355 2182 Franci
368 2127 427 2182 etc.
448 2147 462 2176 a
480 2121 567 2202 (Lep.
591 2123 661 2182 Per.
683 2121 709 2181 T
706 2119 772 2200 tn).
790 2123 934 2196 Regnum
950 2119 1089 2182 solidum
1105 2121 1261 2184 collocant
1278 2124 1310 2184 in
1329 2126 1560 2202 gubernatione

241 2220 469 2291 aristocratica,
487 2220 649 2280 infirmum
661 2223 692 2280 et
704 2219 875 2279 contritum
890 2235 951 2295 qua
962 2223 1050 2296 parte
1066 2220 1227 2296 tyrannice
1242 2239 1292 2281 rcs
1308 2229 1503 2301 regerentur.

282 2317 372 2387 Quod
389 2317 506 2378 dicitur
522 2317 791 2377 commiscebuntur
806 2319 865 2376 otc·
886 2316 1076 2394 plerumque
1091 2317 1196 2377 solum
1211 2319 1375 2397 accipiunt
1390 2320 1429 2381 de
1445 2322 1558 2382 ineun-
1581 2390 1584 2394 ,

241 2414 291 2476 dis
309 2414 477 2476 connubiis
499 2433 529 2474 v.
555 2431 585 2492 g.
610 2437 624 2470 u
651 2415 783 2475 Romani
807 2413 847 2473 ad
865 2413 1018 2474 sedandas
1040 2413 1212 2474 discordias
1228 2415 1361 2494 iungant
1379 2420 1559 2495 potentium

241 2513 397 2574 connubia
415 2512 594 2590 facientque
617 2529 670 2572 eos
687 2513 796 2572 affines
812 2516 843 2571 ct
864 2517 1029 2589 cognatos;
1048 2511 1104 2571 sed
1119 2511 1196 2572 baec
1212 2515 1394 2576 coniunctio
1409 2520 1440 2576 et
1453 2517 1557 2576 allini-
1615 2572 1617 2581 .

242 2616 289 2669 tas
298 2610 455 2670 instabilis
468 2611 567 2670 critet
577 2610 703 2670 infirma
715 2593 729 2664 ἑ)
740 2608 844 2689 (Lep.)
858 2611 907 2669 vel
923 2609 963 2669 de
972 2609 1138 2669 connubiis
1149 2611 1332 2689 principum
1343 2618 1375 2673 et
1386 2614 1558 2692 imperato-

239 2724 328 2780 rum;
343 2708 442 2785 idque
455 2707 494 2768 ad
509 2711 594 2768 certa
609 2707 767 2784 quaedam
784 2706 945 2784 applicant
959 2725 989 2764 v.
1006 2726 1036 2784 g.
1057 2706 1142 2783 quod
1158 2709 1273 2768 Caesar
1286 2711 1399 2771 Iuliam
1415 2711 1512 2772 liliam
1527 2714 1559 2773 in

240 2805 481 2866 matrimonium
505 2805 657 2884 Pompeio
680 2803 856 2872 collocarit,
888 2804 973 2880 quod
1001 2805 1125 2865 Marcus
1152 2806 1306 2866 Antonius
1333 2823 1407 2868 cum
1431 2811 1560 2871 Octavia

240 2919 347 2964 sorore
363 2903 487 2965 Octavii
503 2902 636 2982 Augusti
652 2920 684 2962 se
699 2902 838 2963 iunxerit
853 2900 967 2980 (Per.);
982 2902 1031 2961 vel
1048 2903 1143 2962 eliam
1159 2903 1198 2963 ad
1219 2908 1364 2982 tempora
1382 2908 1559 2984 posteriora

240 3001 396 3074 referunt,
419 3017 491 3061 cum
513 3000 730 3079 impericiam
754 3000 830 3058 satis
850 2999 882 3058 in
906 3017 940 3058 se
964 2999 1068 3059 diviso
1082 3001 1290 3076 imperatores
1309 3003 1395 3063 varia
1417 3005 1502 3065 inter
1525 3025 1558 3067 se
1617 3066 1620 3077 ,

239 3098 369 3159 foedera
384 3099 551 3176 iungerent
561 3100 593 3157 et
605 3097 708 3158 multa
718 3098 801 3156 inter
812 3113 924 3156 eorum
937 3096 1071 3156 familias
1081 3098 1271 3157 exsisterent
1283 3100 1445 3178 coniugia;
1455 3124 1469 3156 a
1479 3103 1558 3162 Con-

240 3196 375 3259 stantius
387 3197 581 3258 Constantini
597 3196 698 3272 Magni
717 3199 806 3273 pater
828 3194 1029 3254 Theodoram
1053 3193 1143 3254 duxit
1157 3195 1333 3272 privignam
1362 3199 1555 3268 Maximiani,

240 3295 464 3354 Constantinus
483 3295 551 3372 ipse
564 3296 714 3354 Faustam
737 3291 882 3352 eiusdem
907 3291 1022 3364 filiam;
1044 3292 1226 3352 Constantia
1247 3293 1445 3355 Constantini
1467 3315 1558 3358 soror

239 3391 361 3452 Licinio
375 3392 498 3452 Caesari
513 3391 585 3453 data
604 3395 668 3464 est;
690 3391 752 3450 alia
766 3394 931 3467 praeterea
950 3389 1111 3449 connubia
1133 3389 1231 3463 lacta;
1256 3391 1405 3452 videbant
1432 3394 1478 3453 illi
1498 3396 1556 3454 im-

238 3489 367 3568 perium
390 3490 422 3549 in
444 3506 596 3568 praeceps
618 3489 680 3559 ire,
707 3505 836 3548 causam
863 3487 1052 3563 ignorabant
1077 3510 1091 3539 a
1113 3486 1231 3565 (Meet
1258 3491 1339 3549 llaec
1362 3492 1469 3552 omnia
1492 3511 1556 3552 non

240 3591 334 3647 erunt
354 3586 565 3656 excludenda,
589 3591 621 3646 at
645 3585 811 3647 oraculum
836 3584 875 3644 ad
902 3589 1034 3644 euentus
1058 3591 1123 3644 tarn
1139 3587 1344 3663 particulares
1365 3591 1555 3667 restringere

239 3685 373 3745 minime
394 3685 513 3745 licebit.
539 3685 572 3744 ln
598 3702 635 3744 eo
660 3683 777 3762 quippo
811 3683 961 3742 statuitur
982 3699 1094 3742 norma
1122 3683 1279 3760 quaedam
1305 3687 1461 3762 generalis
1491 3706 1555 3765 qua

239 3784 387 3842 universa
401 3783 488 3860 regui
505 3781 646 3843 conditio
663 3785 694 3840 et
704 3779 845 3841 subsidia
860 3780 960 3841 multa
972 3779 1011 3840 ad
1025 3796 1094 3840 rem
1113 3780 1270 3842 labantem
1290 3783 1554 3861 compingendam

239 3885 271 3940 et
287 3880 470 3958 erigendam
483 3878 806 3957 comprehenduntur.

280 3981 322 4038 Ex
344 3977 504 4062 catholicis
524 3977 709 4056 paucissimi
735 3980 807 4036 sunt
832 3975 884 4052 qui
908 3992 1042 4052 regnum
1059 3978 1208 4051 quartum
1223 3992 1292 4036 csse
1317 3994 1484 4037 romanum
1498 3998 1554 4040 ne-

236 4081 322 4154 gant.
342 4077 386 4136 Ex
397 4076 585 4153 antiquitate
599 4073 809 4135 nominandus
826 4074 915 4133 estS.
931 4071 1040 4151 Epir„
1057 4071 1112 4148 qui
1129 4078 1275 4148 quartum
1290 4073 1329 4132 ad
1345 4075 1555 4137 Alexandrum

238 4179 269 4234 et
282 4191 373 4251 reges
389 4174 442 4253 qui
459 4174 487 4232 ei
499 4176 717 4234 successerunt
731 4171 844 4244 relert;
858 4171 891 4228 in
903 4170 1036 4229 eandem
1052 4169 1243 4230 sententiam
1259 4174 1417 4232 concessit
1431 4174 1557 4235 Cosmus

238 4271 487 4351 indicopleustes
504 4269 559 4350 (M.
576 4267 700 4350 salte)
719 4273 749 4329 ct
762 4285 938 4345 anonymus
954 4266 1084 4345 quidam
1102 4266 1153 4346 (de
1170 4284 1233 4344 quo
1250 4268 1323 4328 ride
1338 4269 1413 4342 Mai,
1435 4273 1556 4333 Collec-

239 4369 283 4430 tio
312 4387 393 4429 nova
419 4369 527 4447 script.
552 4372 614 4428 vet.
640 4386 671 4446 p.
695 4365 763 4445 llll)
789 4371 820 4426 et
839 4365 929 4434 valde
944 4364 1076 4424 inclinat
1096 4365 1195 4426 calm.
1219 4383 1353 4443 eamque
1377 4377 1555 4449 propugnat

242 4467 320 4527 Loclt
340 4467 427 4528 bisce
447 4466 622 4527 rationibus
637 4465 821 4524 :Danielem
839 4463 926 4540 loqui
943 4463 981 4523 de
994 4480 1091 4539 regno
1108 4462 1195 4540 quod
1211 4468 1283 4541 post
1298 4465 1428 4526 tertium
1444 4469 1555 4528 funde-

239 4569 301 4635 tur,
315 4570 347 4625 at
359 4563 524 4625 romanum
538 4581 576 4623 eo
593 4569 733 4640 tempore
746 4581 810 4639 quo
824 4560 937 4621 Daniel
953 4560 994 4619 sit
1006 4559 1129 4620 locutus
1145 4561 1208 4620 iam
1223 4562 1381 4622 exstitisse
1402 4565 1441 4624 ab
1464 4567 1554 4624 annis

239 4663 364 4724 circiter
383 4667 512 4722 centum
528 4661 771 4738 quinquaginta;
793 4659 866 4719 dein
887 4675 1018 4736 regnum
1033 4674 1200 4719 romanum
1224 4676 1400 4738 uunquam,
1422 4663 1553 4722 minimc

217 4766 221 4774 '
240 4765 350 4821 autem
365 4765 511 4839 tempore
524 4759 636 4820 Christi
652 4759 730 4832 nati,
746 4757 829 4818 inter
841 4757 946 4836 plures
962 4773 1052 4835 reges
1062 4756 1159 4817 luisse
1174 4755 1312 4818 divisum
1325 4759 1380 4836 qui
1396 4758 1552 4819 matrimo
