3550 5367
641 261 644 265 Δ
716 305 795 364 Dan.
819 304 848 374 5,
874 304 911 362 31
1423 308 1479 366 173

162 456 305 544 cyaxari
324 476 468 521 munera
489 454 615 522 obtulit
637 454 738 543 eique
756 452 962 539 significavit
985 451 1150 541 palatium
1176 454 1207 519 ei
1231 460 1389 543 paratum
1409 478 1479 521 esse

161 562 352 651 Babylone,
377 566 414 626 ut
432 562 461 627 si
482 582 523 627 eo
541 562 606 626 iret
625 560 674 626 ibi
696 560 794 649 quasi
812 558 906 625 domi
928 546 1100 625 babitaret
1122 557 1331 648 (v111‚5,17)
1350 563 1372 627 i.
1396 585 1425 628 e.
1443 570 1482 627 ut

161 670 192 736 si
213 690 308 735 more
331 688 455 755 regum
476 666 696 733 orientalium
715 664 832 733 sedern
845 666 978 752 regiam
997 687 1059 754 pro
1074 664 1189 754 aliquo
1201 656 1355 756 tempore
1371 667 1482 755 Baby-

161 776 276 842 lonem
289 774 393 841 vellet
401 774 599 855 transferre,
614 772 663 839 ibi
679 772 824 839 haberet
836 771 1004 861 palatium
1020 772 1118 857 regia
1134 772 1309 839 maiestate
1324 773 1481 860 dignum.

162 881 257 949 Unde
276 880 465 948 secundum
483 880 743 968 Xenophontem
762 900 832 945 non
851 882 1016 966 cyaxares
1035 879 1219 969 imperium
1238 879 1484 967 babylonicum

162 992 354 1078 expugnat,
368 986 428 1053 sed
442 1009 464 1053 a
479 990 566 1073 cyro
575 986 701 1075 accipit
712 985 898 1074 imperium
911 989 1159 1073 expugnatum,
1177 986 1264 1052 sicut
1274 987 1391 1053 Daniel
1402 987 1485 1054 dicit

164 1095 209 1162 de
231 1095 344 1162 Dario.
373 1092 581 1161 Describitur
601 1093 721 1159 Darius
744 1114 783 1158 eo
802 1096 956 1179 tempore
981 1096 1082 1157 natus
1111 1114 1219 1158 annos
1243 1096 1485 1188 623cyaxares

165 1211 344 1300 aliquanto
359 1208 470 1277 maior
488 1215 588 1275 natus
607 1213 682 1274 erat
696 1211 799 1295 cyro;
821 1198 1016 1296 πρεσόύτερός
1032 1203 1095 1294 εἰμι
1114 1204 1227 1295 Κύρου,
1245 1208 1316 1297 ipse
1331 1208 1414 1275 dicit
1430 1213 1483 1287 l'l,

168 1323 241 1398 1‚6;
257 1316 328 1383 iam
343 1337 426 1383 vero
444 1336 486 1381 eo
502 1319 658 1403 tempore
677 1319 783 1401 Cyrus
807 1335 914 1380 annos
933 1319 1033 1380 natus
1048 1320 1120 1382 erat
1136 1320 1195 1396 60,
1213 1336 1291 1381 cum
1310 1336 1401 1381 anno
1420 1321 1485 1383 529

165 1447 198 1490 a.
220 1424 281 1490 ch.
297 1422 391 1489 diem
414 1421 525 1488 obiret
543 1426 643 1487 natus
661 1441 768 1487 annos
787 1427 845 1498 70;
869 1442 975 1509 quare
1000 1430 1091 1487 aetas
1107 1422 1206 1487 Dario
1224 1420 1395 1511 adscripta
1412 1442 1487 1487 om-

166 1531 251 1596 nino
262 1529 422 1595 convenit
432 1528 467 1594 in
481 1532 664 1614 cyaxaren.
683 1530 767 1593 Dum
784 1531 855 1592 tum
873 1526 1037 1616 temporis
1049 1531 1158 1593 aetate
1166 1526 1236 1593 iam
1250 1528 1331 1593 satis
1344 1549 1488 1617 provec-

165 1642 223 1704 tae
243 1636 348 1701 fuisse
370 1636 474 1701 etiam
493 1656 534 1701 eo
554 1638 659 1724 patet,
676 1634 758 1723 quia
782 1632 950 1700 referente
967 1634 1192 1723 Xenophonte
1217 1635 1382 1722 cyaxares
1410 1656 1488 1700 cum

168 1766 238 1810 non
249 1723 531 1831 haberetprolem
544 1740 729 1807 masculam
737 1739 1043 1825 cyroctiamtradit
1053 1740 1196 1807 Mediam
1209 1745 1314 1807 totam
1326 1764 1332 1823 ;
1345 1739 1490 1831 proinde

115 1883 121 1894 ·
167 1873 211 1916 ea
224 1853 337 1915 aetate
354 1854 427 1914 erat
442 1847 559 1913 utiam
579 1868 648 1913 non
668 1855 822 1935 speraret
836 1845 903 1914 sibi
917 1866 1015 1936 posse
1031 1845 1142 1912 tilium
1156 1848 1257 1933 gigni
1268 1846 1362 1935 (Vlll,
1381 1847 1489 1935 ala).

168 1962 280 2044 Atque
304 1956 346 2021 iis
359 1975 506 2043 quoque
532 1952 687 2018 moribus
711 1950 915 2018 describitur
935 1954 1100 2038 cyaxares
1123 1952 1249 2041 quibus
1274 1974 1424 2041 eaquae
1448 1952 1491 2019 de

169 2061 270 2129 Dario
290 2060 437 2127 Danielis
455 2060 603 2145 legimus
617 2057 715 2126 facile
732 2057 957 2147 explicantur.
975 2061 1142 2143 cyaxares
1157 2058 1247 2125 enim
1264 2060 1316 2125 vir
1331 2059 1491 2148 perbibe-

166 2176 229 2235 tur
246 2166 483 2257 voluptatibus
506 2164 657 2247 deditus,
680 2165 901 2251 negotiorum
925 2164 1155 2251 gerendorum
1184 2166 1384 2251 negligens,
1406 2170 1492 2253 Cyro

171 2296 291 2341 rerum
317 2271 549 2360 gerendarum
575 2293 695 2339 curam
719 2270 842 2339 cedens
869 2275 903 2337 et
928 2270 973 2337 ab
1001 2270 1075 2337 eius
1092 2277 1177 2337 nutu
1197 2276 1231 2337 et
1254 2272 1399 2362 imperio
1422 2273 1492 2338 lere

172 2380 345 2472 pendens3
362 2380 411 2446 ita
429 2401 567 2469 quoque
582 2378 702 2445 Darius
717 2400 773 2467 cp.
791 2384 811 2444 6
830 2382 920 2444 totus
938 2400 959 2445 a
980 2376 1190 2468 primoribus
1208 2379 1341 2465 regitur
1359 2400 1494 2445 eorum·

172 2510 242 2577 que
267 2485 432 2553 voluntati
462 2489 587 2551 cuncta
608 2484 778 2551 concedit.
801 2489 910 2561 Quare
932 2488 1071 2574 excepto
1095 2484 1232 2550 nomine
1256 2485 1390 2575 reliqua
1417 2485 1496 2551 satis

172 2596 266 2661 inter
277 2615 313 2661 se
328 2597 534 2679 congruunt.
559 2595 643 2657 Cum
656 2594 736 2657 LXX
750 2591 939 2681 praebeant
954 2612 1077 2657 nomen
1097 2595 1292 2657 Artaxerxes
1304 2590 1405 2658 simul
1418 2613 1497 2658 cum

174 2700 283 2767 altero
299 2699 391 2766 Darii
404 2698 555 2778 nomine,
573 2697 718 2786 suspicio
733 2698 843 2764 oritur
857 2696 923 2764 hoc
941 2695 1015 2764 loco
1036 2718 1172 2787 quoque
1191 2698 1227 2764 in
1246 2702 1338 2765 textu
1353 2698 1498 2765 Danielis
1619 2717 1625 2741 s

173 2827 303 2874 nomen
319 2806 510 2892 genuinum
531 2826 598 2871 nou
613 2825 684 2870 esse
705 2804 880 2870 traditum.
899 2808 944 2869 De
963 2803 1029 2869 hac
1049 2805 1247 2892 quaestione
1263 2804 1350 2871 bene
1365 2806 1438 2893 agit
1455 2809 1495 2871 D.

174 2936 211 3002 p.
228 2919 270 2980 81
287 2934 360 3000 seq.

221 3024 364 3085 Demum
381 3016 470 3084 bene
489 3020 585 3083 notat
598 3014 683 3083 Heb.
702 3038 744 3082 ex
758 3037 797 3082 eo
817 3015 911 3105 quod
926 3016 1045 3082 Daniel
1061 3036 1179 3102 regem
1195 3018 1230 3082 in
1249 3016 1402 3083 medium
1416 3040 1497 3107 pro-

175 3126 246 3193 fert
265 3148 287 3191 a
303 3123 399 3191 nullo
419 3124 487 3190 alio
509 3124 673 3213 scriptore
689 3144 728 3188 eo
746 3121 885 3188 nomine
905 3121 1121 3208 designatum
1142 3121 1255 3189 valide
1277 3123 1496 3213 comprobari

177 3232 415 3299 narrationem
434 3229 514 3296 libri
533 3249 754 3319 nequaquam
778 3250 847 3294 esse
871 3250 957 3318 opus
978 3228 1246 3318 supposititiu1n;
1273 3240 1500 3315 «agnoscunt

178 3340 272 3405 enim
291 3336 524 3403 rationalistae
544 3341 721 3402 auctorem
742 3334 844 3400 huius
858 3334 939 3400 libri
962 3332 1155 3423 Scripturas
1169 3358 1280 3403 sacras
1299 3336 1498 3404 ludaeorum

178 3444 317 3530 legisse.
341 3447 412 3509 lam
432 3463 512 3508 vero
533 3441 626 3507 iuxta
645 3440 744 3507 illam
765 3440 985 3529 hypothesim
1011 3460 1158 3530 pronum
1178 3447 1251 3509 erat
1271 3447 1307 3508 ut
1329 3444 1400 3531 ipse
1414 3464 1500 3532 opus

178 3571 283 3617 suum
297 3547 599 3615 commendaturus
614 3546 716 3636 plane
731 3546 938 3614 exscriberet
950 3548 1073 3613 lsaiam
1088 3548 1149 3637 qui
1160 3548 1366 3637 Babylonem
1383 3553 1501 3637 acyro
1558 3547 1561 3557 '

178 3654 450 3748 expugnandam
466 3654 701 3743 praedixerat,
719 3653 826 3720 alium
843 3659 960 3720 autem
982 3674 1100 3740 regem
1123 3656 1262 3721 Darium
1287 3657 1417 3722 coaevis
1433 3658 1502 3723 suis

180 3762 343 3850 ignotum
360 3761 552 3850 producere
571 3759 689 3827 sedulo
708 3760 865 3842 cavisset,
882 3782 926 3827 ne
939 3767 1132 3827 commenta
1150 3763 1231 3852 ipsis
1250 3762 1433 3828 obtrudere
1449 3764 1501 3827 vi-

179 3870 335 3936 deretur.
350 3869 384 3934 si
401 3867 510 3954 igitur
524 3871 642 3935 auctor
655 3872 771 3932 noster
785 3888 880 3932 secus
901 3864 1073 3953 agendum
1091 3890 1162 3933 csse
1181 3867 1331 3952 duxerit,
1353 3869 1442 3935 istud
1463 3892 1503 3936 ea

181 3974 314 4043 solede
333 3996 436 4043 causa
450 3972 623 4056 acciderit,
641 3970 734 4062 quod
750 3994 804 4038 res
817 3978 921 4062 prout
936 3994 992 4055 eas
1008 3977 1120 4059 gestas
1135 3996 1204 4041 csse
1220 3982 1428 4062 cognoverat
1446 3998 1502 4043 ac·

180 4087 302 4149 curate
318 4081 446 4147 referre
461 4100 543 4169 prae
557 4080 676 4145 ceteris
691 4077 877 4145 intenderit
895 4106 925 4146 ».

226 4251 280 4312 Uti
296 4251 333 4310 fit
347 4250 380 4309 in
392 4267 427 4311 re
441 4250 577 4310 obscura
591 4252 625 4309 et
638 4247 751 4320 dubia,
765 4248 851 4308 varia
867 4248 1032 4327 proposita
1050 4249 1175 4310 suntad
1189 4251 1408 4327 quaestionem
1424 4254 1505 4315 hunc

182 4348 226 4409 de
247 4348 343 4409 Dario
367 4348 460 4408 bledo
477 4345 673 4407 solvendam.
705 4347 738 4405 ln
755 4345 919 4425 periodico
936 4346 1157 4407 Transactions
1176 4348 1211 4407 ol
1222 4348 1276 4408 the
1293 4349 1363 4410 Soc.
1378 4350 1412 4411 os
1425 4352 1502 4412 bibl.

186 4446 479 4523 Arch.1878,v1p.
497 4446 555 4504 122
566 4446 680 4504 Emest
690 4443 864 4505 deBuusen
878 4443 1201 4521 ponitquaestionem
1215 4464 1293 4509 num
1305 4466 1368 4507 non
1382 4452 1504 4511 censeri

187 4544 291 4622 possit
304 4542 433 4604 Darium
446 4546 478 4602 et
489 4542 606 4620 Cyrum
621 4558 691 4601 esse
707 4558 806 4601 unum
822 4540 1037 4619 eundemque.
1051 4542 1150 4603 nasia
1163 4546 1270 4604 autem
1281 4544 1504 4625 (chronologia

189 4642 246 4702 der
259 4641 362 4714 Bibel,
378 4658 411 4718 p.
428 4642 483 4701 lat
501 4637 584 4718 seq.)
597 4643 706 4700 censet
721 4640 790 4710 5,3-1
807 4644 840 4699 et
855 4640 924 4713 tl,l
938 4639 1100 4699 aDaniele
1116 4658 1186 4702 esse
1200 4642 1355 4721 scriptum
1370 4664 1433 4706 non
1449 4648 1505 4706 Du-

189 4740 286 4813 rium,
305 4738 362 4799 sed
375 4740 493 4818 cyrum
509 4737 651 4814 Medum3
665 4753 786 4799 nomen
804 4742 913 4799 autem
932 4738 1000 4817 cyri
1016 4754 1074 4816 per
1086 4756 1226 4802 errorem
1248 4743 1455 4820 postmodum
1472 4746 1504 4803 in
