3550 5367
741 355 874 427 ula-9,
898 355 950 413 ee
993 344 999 357 '
1214 419 1219 437 Ι
1450 358 1507 417 aaa

192 511 243 571 est
257 503 405 597 multum
421 496 674 594 dependere'ab
689 503 867 569 homiuum
880 503 1130 593 cooperatione,
1145 502 1267 585 studio,
1282 504 1421 593 pietate,
1440 528 1509 595 qua

193 610 422 700 amplitudine
447 616 480 677 et
505 610 606 700 copia
630 610 723 677 bona
746 632 768 675 a
795 613 862 676 Deo
885 608 1055 699 promissa
1086 609 1283 676 homiuibus
1309 611 1506 679 obveniant.

192 723 303 795 Quare
320 718 408 783 ratio
422 716 601 784 exsistebat
618 716 800 807 multiplex
822 738 884 781 cur
896 716 1066 805 propheta
1089 714 1280 782 subsidium
1298 717 1461 783 orationis
1477 724 1510 785 et

192 825 422 915 poenitentiae
442 822 635 890 adhiberet.
649 823 849 889 Nesciebant
866 822 959 888 enim
979 823 1104 905 sancti,
1120 828 1157 887 ut
1182 824 1300 890 Sanct.
1317 830 1447 906 monet,
1465 848 1509 891 an
1594 818 1595 823 ’

194 930 350 998 absoluta
367 935 453 997 esset
470 928 526 996 vel
545 929 779 996 conditionata
798 928 977 1018 promissio
998 934 1099 1017 atque
1119 926 1197 995 ideo
1216 929 1380 1019 impediri
1400 938 1509 999 retar-

193 1036 311 1104 darive
327 1042 437 1127 posset
450 1036 630 1103 hominum
650 1037 814 1126 peceatis3
829 1034 989 1101 similiter
1008 1038 1084 1102 Per.
1305 1020 1308 1034 ¹

241 1150 278 1210 ln
291 1145 365 1232 ipsa
378 1144 531 1209 oratione
545 1141 664 1209 Daniel
680 1164 721 1209 ea
736 1143 772 1208 in
791 1141 908 1208 multis
926 1142 1036 1207 utitur
1048 1140 1214 1231 precandi
1233 1142 1345 1209 forma
1364 1165 1452 1233 quse
1471 1168 1511 1211 ex

194 1258 349 1339 tempore
367 1251 504 1316 Baruch
518 1249 708 1339 prophetae
725 1253 799 1315 erat
813 1248 1019 1337 pervulgata
1034 1245 1126 1336 (vide
1150 1245 1194 1313 ad
1218 1252 1294 1315 Bar.
1313 1256 1392 1332 2,15
1407 1251 1508 1343 seq.),

194 1358 282 1425 sicut
301 1359 337 1423 in
362 1356 440 1423 aliis
462 1356 582 1423 modos
605 1354 767 1446 precandi
787 1357 1000 1444 psalmorum
1020 1354 1176 1421 imitatur
1199 1355 1255 1422 vel
1273 1358 1457 1425 sententias
1472 1380 1511 1425 ex

194 1464 423 1554 pentateucho
440 1469 473 1529 et
490 1464 632 1529 leremia
648 1463 796 1529 orationi
811 1484 892 1529 suae
907 1461 1037 1529 inserit.
1052 1460 1157 1550 ldque
1173 1484 1213 1527 ex
1227 1462 1277 1528 rei
1294 1468 1418 1531 natura
1433 1486 1513 1532 ena-

193 1572 311 1637 scitur.
327 1574 443 1660 Neque
458 1571 550 1635 enim
565 1590 655 1635 nova
668 1575 702 1635 et
716 1591 864 1657 eousque
878 1567 1036 1635 inaudita
1047 1569 1202 1659 prolerre
1213 1568 1301 1652 vult,
1320 1592 1438 1637 verum
1450 1596 1513 1662 pro

195 1698 312 1744 reruni
336 1676 531 1743 conditione
560 1682 702 1765 peccata
730 1674 909 1742 humiliter
935 1674 1128 1757 confitetur,
1158 1676 1216 1741 Dei
1241 1674 1513 1745 misericordiam

192 1784 373 1873 implorat,
391 1783 436 1849 ad
454 1784 511 1850 Dei
527 1781 631 1849 tidem
647 1782 775 1871 populo
795 1780 982 1848 exhibitam
997 1788 1087 1848 totus
1103 1789 1280 1872 provocat,
1298 1784 1400 1872 proin
1415 1806 1455 1851 ea
1476 1786 1512 1852 in

194 1890 351 1957 medium
361 1890 460 1956 affert
471 1888 666 1979 quibusalii
684 1910 822 1977 quoque
833 1887 915 1954 libri
930 1890 1016 1954 sacri
1027 1887 1122 1976 pleni
1135 1895 1225 1955 sunt.
1241 1889 1334 1956 Unde
1347 1912 1388 1957 ea
1398 1891 1513 1958 afferri

193 1996 316 2063 eodem
326 1996 398 2063 lere
410 1996 541 2063 modoe
552 2018 588 2061 re
605 1997 682 2084 ipsa
695 1996 817 2060 oritur.
832 1995 957 2060 Statim
967 1994 1025 2060 Dei
1038 1995 1250 2061 maiestatem
1264 2000 1297 2061 et
1310 1996 1513 2065 fidelitatem

192 2102 374 2193 implorat,
388 2126 450 2193 pro
465 2101 523 2169 illa
537 2103 611 2168 scil.
631 2106 741 2191 potest
753 2106 787 2166 et
804 2123 867 2191 pro
882 2101 948 2167 hae
964 2102 1094 2167 censeri
1109 2100 1211 2167 debet
1225 2102 1311 2168 velle
1324 2104 1514 2172 misericor-

194 2208 289 2277 diam
300 2210 506 2291 eoncedcre3
521 2232 552 2275 v.
566 2216 585 2276 t
602 2236 618 2269 «
631 2220 664 2274 ct
672 2208 771 2274 croci
777 2208 960 2273 Dominum
974 2209 1080 2273 Deum
1093 2228 1206 2273 meum
1218 2221 1251 2273 ct
1261 2210 1513 2297 confessussum

193 2314 313 2383 ecdici
326 2338 337 2381 :
349 2315 481 2382 obsecro
494 2316 637 2381 Domine
651 2318 739 2381 Deus
753 2335 876 2403 mayoc
891 2326 924 2379 ct
936 2311 1106 2394 terribilis,
1125 2313 1314 2381 custodiens
1318 2328 1463 2406 pactum
1481 2331 1515 2385 et

192 2422 463 2490 misericordiam
476 2421 694 2511 dilipcutibus
714 2434 744 2487 te
758 2434 792 2486 et
805 2418 1071 2487 custodientibus
1085 2419 1252 2488 utendam
1269 2435 1328 2488 tua
1345 2424 1379 2488 »t
1396 2463 1441 2473 --
1455 2426 1514 2492 Dei

193 2529 457 2619 compellatione
476 2528 611 2595 orditur
625 2551 666 2595 ea
684 2550 773 2617 quae
788 2527 916 2613 legitur
931 2506 1026 2593 neit.
1043 2533 1133 2607 7,*21.
1151 2533 1171 2592 9
1190 2533 1223 2595 et
1239 2532 1296 2595 Ex.
1318 2536 1415 2612 uo,c;
1434 2539 1515 2615 tls!

192 2643 230 2702 et
246 2635 349 2701 simili
367 2635 469 2702 modo
488 2640 644 2724 precatus
659 2641 708 2700 cst
731 2634 888 2700 Salomon
906 2640 925 2699 3
950 2636 1036 2719 Reg.
1053 2638 1146 2716 833.
1167 2639 1271 2701 Deum
1293 2659 1429 2726 quoque
1448 2640 1514 2728 ipsi

193 2743 326 2809 exsules
339 2742 470 2832 experti
481 2747 562 2808 sunt
576 2762 744 2827 maguum
760 2745 794 2806 et
805 2739 1012 2823 terribilem,
1027 2762 1134 2829 quare
1146 2762 1351 2827 cognoscere
1364 2750 1397 2809 et
1410 2767 1515 2832 agno

195 2870 290 2917 scere
314 2848 439 2915 debent
456 2871 491 2915 se
512 2869 682 2936 peccasse3
709 2846 889 2935 culparum
909 2867 991 2911 vero
1015 2846 1138 2913 conscii
1158 2848 1395 2915 confortantur
1417 2852 1515 2918 etad

195 2978 294 3045 spem
307 2956 489 3041 eriguntur
499 2954 560 3022 Dei
573 2952 737 3019 fidelitate
750 2959 784 3019 et
799 2951 1045 3019 misericordia.
1064 2956 1150 3018 llaec
1165 2959 1280 3019 autem
1294 2955 1514 3045 imploranda

195 3070 249 3129 cst
272 3060 470 3128 humillima
493 3060 701 3128 consessione
719 3064 954 3149 peccatorum;
974 3080 1006 3125 r.
1024 3066 1043 3125 5
1066 3086 1082 3118 «
1098 3062 1330 3147 peccavimus,
1349 3062 1513 3151 iniquitu-

197 3182 267 3235 tem
277 3168 436 3257 fecimus,
454 3168 559 3257 impie
577 3167 707 3257 ipimus
728 3178 761 3231 et
783 3165 979 3231 recessimus
998 3176 1031 3230 et
1044 3164 1287 3233 declinavimus
1301 3190 1323 3232 o
1342 3167 1514 3238 moudmis

196 3274 269 3340 tuis
290 3297 331 3341 uc
352 3273 506 3358 iudiciis;
520 3295 553 3341 v.
578 3278 598 3340 6
617 3296 685 3338 nou
707 3271 913 3338 obedivimus
931 3269 1031 3336 servis
1052 3271 1115 3337 tuis
1135 3273 1310 3362 prophetis
1328 3275 1391 3363 qui
1410 3274 1517 3343 locuti

195 3393 278 3447 sunt
292 3381 328 3446 in
342 3382 478 3449 nontiue
489 3394 546 3448 tuo
560 3378 694 3470 sepibus
706 3378 838 3459 uostris,
849 3376 1065 3467 principibus
1078 3379 1213 3460 nostris,
1223 3380 1382 3469 putribus
1394 3384 1514 3450 uostris

197 3489 359 3577 omnique
373 3488 506 3578 populo
525 3499 634 3553 terrac
652 3508 686 3565 »3
708 3485 811 3552 -cl.
832 3490 983 3551 Lament.
1007 3490 1098 3567 ΒΜ.
1121 3490 1197 3553 Bar.
1221 3494 1311 3569 1,17.
1332 3496 1351 3555 3
1376 3494 1460 3575 Reg.
1478 3497 1511 3573 8,

198 3602 255 3664 Π.
269 3600 319 3662 Ps.
335 3601 436 3676 105‚6
449 3618 456 3677 ;
469 3594 575 3661 verba
589 3594 688 3661 hebr.
703 3596 752 3660 ita
765 3592 892 3682 poteris
906 3590 1074 3680 explicare
1088 3614 1095 3659 :
1110 3608 1181 3657 unu
1197 3593 1358 3662 aberrare
1373 3619 1393 3661 a
1408 3603 1511 3679 recto,

197 3717 256 3769 uta
275 3722 378 3788 agere
397 3722 574 3792 perverse,
591 3703 695 3769 attritu
711 3722 746 3766 se
764 3698 924 3765 exhibere
942 3698 1121 3765 scelestum
1137 3704 1170 3766 et
1183 3699 1428 3783 facinorosum,
1450 3719 1513 3769 tm

194 3807 364 3875 rebellem
382 3827 468 3887 esse;
486 3807 627 3875 demum
643 3806 790 3873 deficere
808 3811 860 3874 uo
878 3827 898 3870 a
914 3826 1038 3870 norma
1053 3805 1132 3872 iusti
1148 3812 1181 3871 et
1196 3807 1268 3873 veri
1287 3808 1323 3874 in
1341 3811 1398 3875 Dei
1412 3833 1514 3898 prae-

195 3915 306 4003 ceptis
320 3922 353 3980 ct
367 3915 501 3979 statutis
512 3914 736 4002 praescripta.
751 3909 803 3978 Ad
819 3909 1015 3997 augendam
1029 3910 1165 4000 culpam
1185 3912 1316 3979 accedit
1335 3914 1427 4003 quod
1443 3938 1515 3982 om-

194 4043 259 4087 nes
278 4020 415 4086 ordines
438 4021 602 4086 continuo
622 4042 684 4110 per
707 4017 894 4109 prophetas
918 4040 938 4083 a
965 4021 1030 4083 Deo
1050 4019 1168 4083 missos
1190 4017 1464 4089 admonebantur
1482 4030 1515 4089 et

196 4125 422 4208 docebantur,
447 4126 571 4216 quibus
599 4148 699 4192 aures
722 4125 844 4192 surdas
865 4129 899 4188 et
922 4123 1054 4189 animos
1078 4123 1285 4191 exhibebant
1315 4126 1512 4196 obduratos.

196 4232 387 4300 Confitetur
406 4232 524 4321 itaque
546 4234 797 4299 accusationem
820 4253 842 4296 a
866 4230 1010 4295 leremia
1028 4230 1197 4319 prolatam
1224 4254 1294 4298 esse
1318 4255 1450 4319 vcram3
1469 4238 1512 4305 cf.

197 4346 265 4406 ler.
283 4346 379 4421 7253
400 4346 479 4420 25,t
495 4346 577 4421 etc.;
598 4339 744 4405 ostendit
759 4334 867 4424 igitur
882 4358 1001 4403 curam
1017 4358 1086 4424 qua
1104 4342 1189 4404 Deus
1204 4344 1369 4428 perpetuo
1383 4364 1439 4407 eos
1462 4343 1516 4409 di-

197 4454 376 4541 gnabatur
390 4462 423 4521 et
435 4456 611 4540 ingentem
627 4453 744 4545 populi
759 4459 932 4543 torporem
947 4445 1147 4540 (ἀναλγησίαν
1170 4451 1318 4543 Ducat).

246 4567 355 4639 Quare
373 4562 409 4628 in
432 4562 617 4629 afflictione
639 4560 758 4651 populi
775 4558 1035 4625 commendatur
1051 4558 1180 4626 iustitia
1200 4562 1255 4627 Dei
1279 4567 1312 4628 et
1338 4568 1513 4647 sauctitas;

196 4672 272 4759 ipse
291 4674 407 4734 autem
430 4670 578 4760 populus
598 4667 730 4760 pudore
754 4666 901 4733 suffusus
925 4687 992 4731 non
1012 4670 1122 4754 potest
1139 4688 1209 4733 non
1234 4690 1393 4737 accusare
1417 4696 1516 4740 suum

196 4776 330 4861 ingrati
343 4774 450 4842 animi
465 4777 611 4858 crimem
626 4774 704 4841 ideo
725 4776 800 4840 iure
819 4772 934 4861 pergit
956 4771 1109 4863 (Theoti.)
1130 4796 1162 4840 v.
1181 4780 1200 4839 7
1227 4804 1242 4837 (ι
1260 4775 1338 4857 tibi,
1355 4780 1516 4861 Domine,

767 4891 871 4939 Dauus.
888 4894 973 4938 -1e.
1025 4909 1029 4920 =
