3550 5367
241 331 300 390 236
799 331 877 389 uix.
901 331 930 399 9,
954 330 992 387 bi

240 485 304 556 tur,
322 481 433 540 utiam
447 499 511 542 non
527 497 653 559 serpere
671 481 898 558 permittantur
911 480 997 539 sicut
1017 496 1128 540 manus
1144 476 1282 537 hominis
1303 472 1389 553 apud
1403 476 1458 537 lob
1479 476 1562 536 dici-

240 582 294 638 tur
308 579 425 657 signari
439 578 460 636 i.
475 597 503 639 e.
518 580 557 639 ab
570 579 657 638 omni
672 596 769 655 opere
782 578 935 639 cohiberi.
952 579 1085 653 Propter
1096 576 1236 636 rationes
1250 591 1330 651 quas
1344 573 1439 635 modo
1453 574 1558 643 attuli,

240 675 379 753 sipitlore
390 694 453 738 non
463 681 571 755 potest
581 676 730 754 explicari
744 693 817 736 cum
830 677 901 755 Hip.
915 676 1001 755 θήρ.
1016 674 1204 751 depereatis
1220 690 1301 751 quac
1315 690 1379 733 non
1393 673 1560 733 remittan-

148 768 152 774 ’
242 781 295 836 tur
310 774 365 834 sed
379 773 418 835 ad
435 774 593 834 iudicium
610 774 757 836 divinum
772 777 986 844 asserventur,
996 789 1109 832 vorum
1125 776 1245 851 sipnore
1256 770 1363 849 priore
1374 768 1470 831 modo
1482 787 1559 831 cum

139 891 144 907 ¹
241 873 344 934 Sonat.
362 873 484 946 Reinlrc,
503 870 592 933 hott.
615 870 692 932 Aud.
709 873 783 933 Keil
807 872 922 949 exponi
944 869 1055 941 debet,
1077 870 1124 930 uti
1144 886 1257 931 vocem
1276 868 1398 946 accepit
1422 866 1559 928 Theod:

242 993 257 1024 v
272 960 447 1046 obsignavit
459 974 568 1030 autem
581 974 724 1047 peccata,
742 969 817 1030 dum
832 969 918 1029 vitae
934 967 1110 1030 secundum
1123 968 1226 1045 legem
1243 966 1438 1044 compositae
1458 966 1559 1025 finem

241 1066 395 1145 imposuit
416 1070 449 1127 et
467 1066 597 1145 spiritus
619 1067 752 1146 gratiam
776 1066 909 1145 largitus
932 1069 981 1126 est
1002 1082 1065 1143 qua
1088 1064 1190 1125 adiuti
1208 1064 1263 1141 qui
1287 1062 1493 1143 spiritualiter
1512 1062 1560 1120 ri-

241 1179 318 1233 vunt
340 1177 491 1251 superant
510 1173 694 1233 affectiones
719 1197 747 1233 ι).
765 1176 804 1233 xt
825 1173 859 1233 in
879 1172 969 1233 hebr.
994 1148 1092 1232 eiiam
1116 1170 1275 1249 reperitur
1290 1173 1356 1249 peri
1372 1184 1441 1264 unu
1459 1184 1559 1246 quarn

156 1374 159 1381 ¹
187 1367 190 1378 ,
240 1322 351 1365 vocem
364 1279 578 1384 exprimitdq.
590 1307 730 1365 τελειῶσαι
745 1311 777 1365 et
791 1304 888 1383 Syrus
901 1318 989 1371 vnto
1005 1309 1037 1365 et
1052 1321 1148 1383 quam
1162 1308 1288 1383 praeter
1301 1302 1445 1383 σφραγίσαι
1458 1302 1558 1363 etiam

244 1402 355 1463 Theod.
367 1404 571 1474 severitatique
581 1402 716 1483 ἁμαρτίαν
728 1405 829 1463 ailert.
843 1404 948 1463 Etiam
962 1402 1040 1463 haee
1052 1420 1113 1462 vox
1127 1401 1312 1480 exponenda
1326 1404 1373 1461 est
1387 1400 1427 1461 ad
1443 1400 1559 1459 tinien-

240 1508 316 1569 dum
332 1514 511 1586 peccatum,
529 1509 576 1570 uti
592 1511 623 1571 S.
644 1508 730 1570 Hier.
747 1527 818 1569 eam
834 1510 975 1587 accepit;
990 1526 1063 1569 nam
1092 1522 1161 1603 unp
1183 1525 1219 1568 ea
1232 1508 1462 1586 significatione
1476 1505 1559 1585 legi·

240 1647 293 1702 tur
306 1641 384 1701 Gen.
402 1643 495 1713 aare
508 1642 598 1702 hebr.
615 1644 667 1701 Ps.
684 1643 806 1712 totae.
822 1644 862 1701 ls.
880 1642 969 1715 16‚t;
987 1644 1069 1714 33‚t.
1088 1643 1230 1701 Lament.
1247 1641 1329 1713 istit.
1344 1640 1393 1698 ΕΖ.
1409 1640 1513 1711 thid.

280 1738 347 1799 lam
360 1740 387 1798 si
399 1740 541 1817 quaeris,
559 1756 640 1817 quae
655 1739 752 1799 lectio
768 1740 800 1799 in
815 1743 951 1816 utroque
967 1739 1111 1799 membro
1131 1739 1172 1797 sit
1185 1736 1384 1816 probabilius
1398 1735 1556 1815 genuina,

239 1834 318 1896 haec
330 1836 492 1929 perpende
506 1837 685 1897 :versiones
698 1841 820 1897 veteres
831 1840 990 1914 quotquot
1006 1839 1128 1896 exstant
1139 1852 1197 1914 pro
1209 1835 1314 1913 priore
1328 1833 1472 1893 membro
1487 1850 1558 1893 om-

240 1942 315 2003 nino
325 1942 560 2016 commendare,
576 1947 611 2003 ut
621 1944 653 2003 in
665 1948 754 2004 textu
765 1944 854 2005 hebr.
871 1942 1028 2005 scribatur
1042 1928 1134 2029 aba&
1157 1942 1286 2019 scriptio
1294 1957 1397 2022 cumn
1410 1956 1473 1999 non
1485 1944 1557 2017 pot-

240 2076 301 2135 erit
317 2076 503 2147 consistere,
518 2076 594 2153 quia
609 2064 666 2140 aba
686 2077 811 2154 saepius
828 2077 915 2154 apud
929 2076 1091 2138 Danielem
1108 2075 1226 2153 legitur
1246 2073 1289 2153 (v.
1306 2076 1362 2147 273
1380 2075 1485 2145 tl‚3d;
1503 2074 1556 2145 te,

240 2172 285 2252 t);
302 2173 437 2233 verbum
451 2177 557 2234 autem
576 2161 635 2237 ets
656 2174 819 2245 cohibere,
834 2190 979 2234 coercere
1004 2190 1067 2233 non
1090 2172 1185 2233 habet
1206 2172 1306 2233 ullum
1327 2170 1409 2250 apud
1430 2174 1556 2229 veteres
1649 2228 1651 2231 .

239 2288 297 2349 pro
308 2270 368 2331 hoc
382 2272 455 2331 loco
469 2271 699 2331 testimonium.
711 2274 746 2331 ln
763 2272 864 2332 altero
878 2271 1024 2332 membre
1038 2275 1168 2349 propter
1182 2270 1445 2349 parallelismum,
1462 2284 1558 2345 prop-

239 2382 287 2437 ter
306 2378 487 2437 versionem
515 2381 573 2456 Aq.
603 2381 635 2437 et
653 2378 725 2454 Syri
748 2382 779 2437 et
805 2376 841 2437 S.
870 2370 958 2466 Hier.
976 2392 1045 2470 unq
1065 2376 1309 2455 praeterendum
1329 2375 1400 2435 erit.
1423 2374 1558 2451 Insuper

238 2511 326 2571 notio
340 2510 522 2587 odsiqnondi
532 2528 569 2571 eo
586 2528 678 2570 sensu
693 2511 747 2588 qui
762 2510 816 2571 hie
828 2511 1000 2588 requiritur
1015 2514 1063 2571 est
1073 2512 1173 2572 rarior
1189 2516 1306 2573 etcum
1322 2510 1432 2571 statim
1447 2510 1557 2569 subse·

238 2611 353 2685 quatur
366 2622 436 2671 nnn
451 2607 541 2668 facile
556 2613 681 2685 poterat
701 2609 820 2681 scriba,
835 2613 872 2668 ut
887 2608 1016 2685 Hor-bip.
1034 2614 1151 2689 censet,
1168 2610 1208 2669 ad
1230 2608 1317 2669 illam
1339 2624 1451 2669 vocem
1465 2608 1557 2669 aber-

238 2722 317 2765 rare.
333 2707 411 2765 LXX
426 2706 457 2764 in
474 2705 534 2765 hoc
549 2706 695 2765 membro
710 2706 829 2766 habent
843 2706 970 2763 σπανίσαι
982 2706 1234 2785 imminuere'qua
1249 2708 1378 2767 notione
1393 2711 1499 2768 utrum
1515 2724 1556 2766 ex

202 2830 205 2835 ·
235 2795 362 2864 'duobus
381 2801 443 2862 illis
463 2803 570 2863 verbis
592 2802 767 2881 explicetur
787 2803 922 2865 dubium
947 2808 1005 2864 est.
1024 2804 1133 2865 Eureb.
1158 2804 1290 2882 quidem
1312 2803 1449 2865 affirmat
1475 2804 1555 2864 LXX

238 2900 378 2961 edidisse
396 2898 559 2980 ἐσφραγίσθη
578 2904 594 2971 ἡ
616 2900 749 2980 ἁμαρτίας
765 2906 797 2961 at
815 2902 901 2962 haud
922 2902 1084 2963 immerito
1106 2907 1215 2963 censet
1237 2900 1323 2962 Field
1345 2918 1419 2962 eum
1443 2908 1552 2961 tamen

237 2998 466 3059 'theodotionis
483 2998 661 3061 versionem
683 2999 723 3060 ab
745 3000 882 3060 Ecclesia
905 3000 937 3060 in
956 3000 1038 3061 libro
1060 3000 1200 3061 Danielis
1220 3000 1314 3061 unice
1335 3000 1488 3059 sancitam
1507 2999 1549 3060 eh

238 3097 346 3157 oculos
361 3096 524 3158 habuisse.

281 3338 468 3423 Tamquam
484 3336 582 3424 prior
599 3358 680 3426 pars
693 3335 863 3403 bonorum
876 3337 1121 3404 messianorum
1135 3337 1344 3425 promittitur
1358 3337 1496 3404 cessatio
1519 3342 1554 3403 et

238 3440 383 3530 expiatio
408 3445 638 3529 peccatorum.
663 3445 805 3508 Peccata
831 3441 971 3530 quidem
995 3442 1162 3511 sacrificio
1185 3466 1206 3509 a
1231 3444 1362 3509 Christo
1382 3444 1418 3509 in
1442 3447 1552 3509 morte

236 3545 349 3612 oblato
363 3546 562 3635 expiantur;
580 3568 618 3612 ea
640 3552 754 3612 autem
774 3547 879 3613 finem
896 3550 1065 3637 accepisse
1080 3571 1120 3615 eo
1145 3571 1281 3638 quoque
1297 3572 1374 3615 vere
1390 3549 1458 3616 dici
1477 3554 1553 3639 pot-

237 3658 285 3718 est
305 3653 387 3741 quia
403 3673 464 3717 nos
485 3651 633 3719 redemit
655 3674 673 3717 e
695 3654 855 3719 servitute
878 3656 1028 3742 peccati,
1050 3654 1148 3721 nobis
1169 3657 1362 3745 promeruit
1386 3656 1552 3747 Spiritum

235 3781 262 3825 s.
280 3758 420 3847 eiusque
442 3759 571 3843 gratias
589 3757 715 3847 quibus
736 3758 846 3825 adiuti
868 3767 1009 3848 peccata
1027 3761 1149 3847 gravia
1171 3763 1279 3829 vitare
1300 3784 1493 3852 possumus,
1518 3768 1553 3829 et

235 3864 271 3929 in
289 3864 509 3930 sacramentis
519 3863 662 3953 aliisque
676 3864 838 3931 subsidiis
860 3867 1014 3933 remedia
1031 3867 1130 3934 nobis
1151 3875 1369 3958 peccatorum
1387 3869 1552 3935 submini-

235 3972 354 4036 stravit
379 3971 615 4060 potentissima
640 3970 698 4059 (cf.
727 3975 811 4060 Lop.
842 3971 977 4060 (iord).
1005 3978 1041 4040 ln
1060 3975 1167 4041 altera
1191 3974 1292 4041 huius
1314 3997 1429 4044 versus
1453 3981 1551 4065 parte
1582 4058 1585 4063 Ι

235 4075 427 4143 declaratur
443 4099 530 4166 quae
542 4077 635 4144 bona
654 4079 800 4167 peccatis
812 4077 935 4145 deletis
955 4080 1071 4147 lutura
1086 4082 1174 4147 sint:
1190 4094 1227 4147 ot
1241 4081 1436 4149 adducatur
1451 4082 1549 4149 iristi-

236 4182 285 4248 tio
306 4185 531 4273 sempiterno,
552 4184 582 4250 is
605 4184 677 4252 scil.
705 4206 821 4251 rerum
846 4187 931 4252 ordo
956 4195 1093 4255 sanctus
1111 4209 1216 4276 quem
1235 4193 1321 4255 Deus
1342 4189 1497 4256 exsistere
1517 4194 1551 4256 et

235 4290 421 4356 secundum
439 4313 541 4381 quem
556 4291 736 4357 hominum
752 4292 858 4357 vitam
876 4314 1058 4383 moresque
1071 4296 1230 4383 componi
1244 4294 1329 4362 vult.
1347 4297 1551 4363 Enuntiatur

235 4396 341 4481 igitur
355 4396 471 4462 adiere
491 4398 705 4463 sanctitatem
727 4420 815 4486 quae
837 4398 931 4489 apud
954 4398 1136 4489 prophetas
1160 4402 1319 4468 continue
1343 4402 1551 4469 describitur

234 4506 410 4591 tamquam
432 4503 571 4593 propria
599 4526 706 4590 regno
729 4505 915 4588 messian03
939 4511 1041 4593 atque
1066 4508 1159 4573 hunc
1181 4507 1337 4573 ordinem
1362 4515 1492 4576 rectum
1515 4518 1550 4575 et

234 4614 388 4675 sanetum
400 4608 471 4674 fore
480 4623 707 4699 perpetuum,
722 4632 847 4678 novam
861 4612 1089 4679 theocratiam
1102 4613 1156 4680 vel
1176 4636 1323 4701 regnum
1341 4616 1548 4682 messianum

233 4715 303 4781 iam
326 4738 394 4781 non
415 4714 629 4782 defecturum
652 4725 793 4806 propter
812 4724 964 4807 peccata,
981 4719 1068 4786 siout
1088 4722 1195 4787 veteri
1223 4721 1383 4807 contigit3
1400 4722 1546 4811 proinde
