3550 5367
751 317 828 376 nis.
853 319 881 388 a,
905 317 974 375 sai
1480 319 1517 376 si
1545 360 1549 389 ,

204 487 314 533 moras
329 470 464 533 nectere
484 467 589 548 velle,
613 465 892 556 quandoquidem
907 467 1143 556 perspexeritis
1154 487 1344 532 sermonem
1359 472 1391 532 et
1405 466 1521 534 decre-

203 579 276 638 tum
296 594 410 639 meum
430 595 500 640 osse
524 573 682 655 firmum;
698 573 740 640 de
761 571 911 640 dictione
931 571 1068 639 vidend
1089 596 1122 639 v.
1141 581 1173 640 5.
1193 573 1287 639 Unde
1310 595 1425 640 morae
1449 576 1521 641 lon-

203 680 308 766 gioris
322 680 571 769 impetiensrex
586 679 751 762 affirmat,
764 679 791 745 si
803 683 875 746 arte
890 701 951 745 sua
965 701 1033 745 non
1047 678 1217 745 valuerint
1227 681 1397 746 somnium
1407 682 1520 769 ipsum

203 785 357 852 indicare
373 786 477 852 etiam
489 785 752 875 explicationem
767 807 871 852 nona
892 807 974 852 vera
992 790 1065 852 arte
1080 785 1136 851 sed
1157 809 1176 852 a
1196 786 1331 852 fallacia
1349 793 1382 853 et
1398 787 1521 855 fraude

179 893 390 982 ,proficisci3
406 893 433 960 si
453 893 546 960 enim
562 896 669 958 artem
685 891 891 982 profitentur
903 892 1078 958 revelandi
1094 893 1237 975 occulta,
1255 894 1422 965 somnium
1438 917 1522 983 quo·

204 1021 270 1088 que
291 1006 327 1066 ut
345 998 509 1084 detegant
519 998 613 1065 haud
632 999 806 1064 immerito
821 997 920 1065 abiis
935 999 1099 1089 postulari
1113 1006 1233 1087 potest.
1252 1005 1361 1078 Quare
1376 1023 1408 1066 v.
1427 1006 1446 1066 9
1465 1000 1527 1066 «si

204 1127 283 1194 erpa
300 1105 470 1172 somnium
485 1107 553 1172 non
573 1103 804 1171 indicaveritis
818 1105 923 1185 milu',
942 1126 1015 1170 una
1030 1117 1078 1170 est
1091 1104 1132 1171 de
1145 1103 1236 1170 uobis
1249 1107 1415 1172 sententia
1429 1106 1525 1195 quod

205 1211 516 1301 interpretationem
532 1233 667 1300 quaque
676 1212 842 1301 fallacem
853 1224 886 1276 et
897 1210 1093 1302 deceptione
1101 1210 1245 1300 plectum
1256 1214 1520 1303 composueritis,

204 1331 242 1384 at
264 1317 456 1409 loquamini
472 1319 559 1386 nu'lu'
576 1317 682 1384 donec
701 1329 832 1408 tempus
848 1319 1264 1407 pertranseat,·s0mnium
1283 1319 1398 1408 itaque
1421 1319 1522 1385 dicite

204 1425 293 1492 uu'lri
304 1437 342 1492 at
354 1425 460 1491 sciam
475 1423 570 1514 quud
581 1424 896 1514 interpretationem
913 1447 1048 1514 quoque
1058 1424 1129 1490 cius
1144 1446 1262 1491 uerum
1278 1423 1470 1516 loquamini
1484 1430 1519 1494 »l

203 1571 247 1580 -
258 1533 281 1597 i.
294 1555 325 1598 e.
342 1531 463 1621 quodsi
477 1553 545 1597 uon
564 1530 813 1612 indicaverim,
830 1537 944 1597 manet
960 1531 1127 1598 sententia
1142 1537 1176 1597 et
1190 1532 1243 1596 lex
1256 1531 1446 1599 illaeontra
1462 1555 1522 1600 vos
1575 1551 1578 1557 ’

204 1638 307 1704 diota.
329 1641 433 1715 Quem
453 1659 588 1704 sensum
614 1639 717 1704 etiam
738 1641 814 1703 LXX
837 1637 1031 1727 exprimunt
1050 1633 1171 1717 θανάτῳ
1185 1635 1392 1727 περιπεσεῖσθε
1412 1641 1522 1729 etqui

205 1742 248 1810 ad
264 1766 382 1810 vocem
397 1759 441 1831 nn
455 1742 644 1824 decretam,
659 1743 888 1810 lenconvenit.
900 1748 940 1808 ln
950 1743 1170 1832 sequentibus
1179 1746 1266 1810 ratio
1279 1744 1447 1828 redditur,
1460 1769 1522 1813 eur

203 1859 263 1926 tali
278 1861 361 1926 sorti
374 1839 496 1926 merito
511 1859 746 1926 subiiciuntur.
763 1858 828 1926 Alii
841 1858 1035 1948 explicant:
1052 1860 1138 1926 haec
1151 1866 1202 1926 est
1223 1861 1329 1928 animi
1347 1862 1450 1928 vestri
1462 1863 1517 1928 in-

205 1966 326 2045 tentio,
344 1967 409 2032 hoc
424 1965 618 2046 consilium,
641 1970 678 2032 ut
696 1965 979 2054 interpretatione
994 1964 1110 2031 fallaci
1132 1988 1186 2032 me
1207 1967 1384 2057 decipiatis
1404 1968 1517 2058 (nott.

206 2071 329 2161 llus).
350 2075 447 2140 Verte
469 2094 477 2140 :
496 2063 699 2138 sermonem'
710 2071 908 2138 mendacem
927 2076 959 2137 et
973 2093 1172 2159 perversum
1187 2074 1347 2140 intervos
1360 2076 1522 2141 conveni-

205 2180 264 2246 stis
282 2179 377 2268 loqui
397 2199 512 2246 coram
530 2199 600 2260 me,
618 2201 727 2269 usque
749 2176 831 2244 dum
852 2183 988 2266 tempus
1011 2183 1162 2246 mutetur
1181 2179 1239 2268 (cf.
1266 2182 1340 2247 Vct.
1358 2182 1478 2268 Mar.);
1495 2183 1525 2248 si

206 2306 290 2374 ergo
305 2285 474 2352 somnium
488 2283 640 2352 indicare
657 2290 848 2374 nequeunt,
861 2284 977 2369 arguit
989 2305 1063 2367 rex,
1079 2307 1119 2351 eo
1133 2286 1208 2375 ipso
1221 2287 1404 2354 ostendunt
1417 2288 1523 2355 inter-

206 2393 430 2484 pretationem
460 2413 531 2458 esse
554 2392 745 2481 prolectam
769 2413 837 2458 non
863 2414 881 2457 a
908 2412 989 2457 vera
1010 2397 1099 2471 arte,
1121 2391 1181 2457 sed
1198 2415 1218 2458 a
1234 2393 1347 2460 fallaci
1373 2398 1407 2461 et
1432 2417 1521 2462 vana

204 2500 401 2566 coniectura
414 2519 541 2588 eosque
561 2498 620 2563 tali
637 2503 828 2564 commento
850 2497 937 2564 velle
952 2518 1070 2584 regem
1086 2497 1237 2565 detinere
1247 2552 1255 2580 ,
1265 2499 1372 2567 donec
1385 2505 1521 2590 tempus

207 2611 357 2674 mutetur
373 2606 395 2673 i.
408 2627 438 2672 e.
454 2603 563 2672 donec
582 2606 655 2694 ipso
669 2605 833 2694 temporis
848 2625 1033 2693 progressu
1047 2625 1142 2671 mens
1156 2611 1189 2670 et
1201 2607 1362 2692 cogitatio
1374 2609 1467 2694 regis
1475 2607 1520 2674 ad

206 2713 272 2780 aliu
288 2711 425 2798 negotia
444 2715 603 2778 avocetur
618 2711 737 2799 (Van).
756 2716 864 2789 Quare
882 2716 921 2776 ut
940 2732 1041 2777 verae
1058 2713 1138 2778 artis
1154 2711 1395 2780 documentum
1415 2715 1518 2782 edant

203 2820 375 2885 somnium
394 2818 506 2908 ipsum
524 2816 568 2884 ab
585 2816 625 2882 iis
638 2817 791 2883 enarrari
807 2817 893 2884 vult.

252 2928 384 2992 llonent
406 2923 567 2991 Chaldaei
602 2923 637 2988 id
672 2945 693 2988 a
724 2923 818 2989 nullo
847 2944 946 3011 posse
978 2924 1143 3012 praestari
1169 2947 1280 3013 neque
1313 2949 1521 3017 quemquam

208 3053 358 3121 unquam
379 3031 416 3098 id
434 3053 455 3096 a
471 3029 633 3119 quopiam
652 3029 839 3120 postulasse
860 3052 893 3094 v.
914 3036 955 3096 10
973 3057 989 3089 «
1008 3029 1244 3120 respondentes
1262 3053 1340 3120 erpo
1359 3033 1526 3100 Chaldaei

207 3159 320 3205 corum
336 3160 412 3226 repe
428 3136 588 3204 decerunt
603 3156 614 3202 :
630 3159 698 3202 non
711 3135 870 3202 estltomu
883 3147 1122 3223 superterram
1138 3137 1198 3224 qui
1208 3159 1395 3205 sennonem
1410 3153 1522 3220 tatem,

207 3267 278 3330 rec,
290 3245 399 3335 possit
417 3243 559 3334 implere
564 3262 579 3325 ;
593 3241 654 3308 sed
663 3265 773 3330 neque
787 3263 907 3330 repam
923 3242 1105 3331 quisquam
1120 3263 1263 3331 ntapnus
1277 3256 1438 3334 etpotens
1449 3269 1523 3312 ver-

208 3351 289 3418 bum
320 3348 555 3417 liirinscemodi
580 3349 770 3416 sciscitatur
789 3347 831 3414 ab
853 3348 947 3413 omni
974 3348 1080 3414 ariolo
1104 3359 1138 3414 et
1160 3371 1259 3440 mapa
1281 3363 1313 3416 et
1334 3352 1524 3437 Cicatricem

208 3481 240 3525 v.
259 3466 297 3528 11
324 3479 433 3524 scinco
457 3457 548 3523 enim
574 3477 676 3546 quem
703 3469 740 3520 tu
764 3453 920 3545 quaeris,
943 3478 1015 3538 rea,
1038 3456 1152 3543 prucis
1180 3471 1230 3522 est
1253 3479 1315 3524 nec
1338 3462 1525 3549 reperietur

208 3565 391 3656 quisquam
416 3564 478 3652 qni
499 3561 625 3629 indicet
646 3562 745 3630 illum
766 3563 802 3628 in
822 3574 1000 3650 conspectu
1017 3561 1105 3650 repis
1126 3566 1273 3652 exceptis
1294 3564 1357 3632 diis
1378 3590 1524 3656 quoram

209 3695 278 3738 non
292 3686 341 3738 est
354 3691 433 3737 cum
454 3667 649 3739 dominibus
668 3667 882 3735 conuersatio
901 3690 935 3750 »;
951 3708 992 3717 —
1009 3667 1045 3732 in
1063 3672 1155 3735 textu
1178 3692 1296 3758 regom
1319 3673 1429 3761 ipsum
1455 3697 1525 3740 non

208 3780 443 3868 alloquuntur,
459 3775 519 3844 sed
537 3776 676 3843 maioris
696 3774 910 3842 reverentiae
929 3797 1033 3841 causa
1046 3774 1164 3841 dicunt
1185 3798 1192 3843 :
1215 3779 1273 3865 qui
1291 3800 1363 3844 rem
1379 3782 1470 3867 regis
1490 3782 1522 3867 (i.

209 3909 239 3954 e.
256 3907 361 3976 quam
380 3907 437 3951 rex
457 3882 621 3973 postulat)
642 3883 747 3972 possit
767 3881 959 3947 indicare...
983 3902 1037 3946 res
1061 3880 1151 3948 enim
1176 3904 1281 3971 quam
1301 3905 1359 3951 rex
1377 3888 1525 3976 exposcit

209 3994 324 4080 gravis
343 3995 437 4057 estet
454 3990 619 4056 aliusnon
634 3993 683 4055 est
703 3987 762 4076 qui
785 3987 913 4053 indicet
929 3987 1024 4052 illam
1040 3987 1105 4053 nisi
1124 3987 1173 4053 dii
1192 4011 1338 4078 quorum
1358 3990 1523 4061 habitatio

209 4121 286 4166 cum
306 4119 408 4166 carne
430 4117 499 4162 non
515 4100 564 4162 est
578 4097 600 4161 i.
624 4117 654 4161 e.
672 4095 731 4183 qui
753 4115 832 4158 cum
851 4092 1055 4158 mortalibus
1075 4116 1144 4160 non
1165 4103 1411 4163 conversantur
1424 4098 1473 4165 ita
1486 4107 1525 4167 ut

210 4207 292 4273 tales
308 4227 362 4272 res
374 4201 436 4270 soli
456 4201 591 4269 numini
609 4206 711 4267 notae
726 4199 925 4266 hominibus
942 4201 1248 4268 communicentur.
1266 4204 1317 4269 Uti
1332 4206 1520 4274 rationibus

210 4311 449 4379 valentissimis
473 4329 590 4396 regem
613 4330 632 4374 a
651 4305 827 4397 proposito
844 4305 1024 4372 ¹dimovere
1042 4306 1196 4389 student,
1214 4310 1261 4374 ita
1282 4295 1354 4377 veri
1375 4315 1433 4380 Dei
1453 4316 1524 4401 glo

211 4421 297 4486 riam
312 4417 451 4506 eiusque
467 4415 653 4505 prophetae
674 4413 879 4498 dignitatem
904 4413 1132 4499 singularem,
1149 4415 1208 4502 qui
1226 4417 1309 4482 talia
1322 4424 1361 4483 ut
1379 4427 1525 4509 praestet

210 4547 271 4614 per
285 4529 389 4591 Deum
413 4522 565 4605 docetur,
588 4522 655 4588 iam
676 4543 736 4586 sua
759 4519 1056 4605 argumentatione
1076 4518 1321 4590 demonstrant.
1344 4528 1444 4612 Regis
1461 4551 1523 4616 po-

209 4632 362 4708 stulatio,
380 4630 441 4696 etsi
456 4628 557 4718 plane
571 4627 722 4708 insolita,
737 4631 854 4692 tamen
870 4631 908 4691 ut
920 4628 1002 4715 Lap.
1019 4633 1132 4693 monet
1151 4656 1166 4686 ιι
1178 4650 1218 4693 er
1233 4637 1329 4719 parte
1343 4654 1523 4718 magorum

209 4761 280 4806 non
301 4744 374 4806 crat
396 4737 538 4816 iniusta,
555 4735 637 4823 quia
657 4733 722 4823 ipsi
748 4737 862 4822 utpote
892 4732 1055 4820 astrologi
1078 4732 1236 4801 indicarii
1262 4742 1296 4802 et
1316 4739 1524 4823 genethliaci

774 4841 879 4890 Dirum.
896 4867 926 4876 -
943 4845 965 4888 6.
