3550 5367
838 355 916 413 Das.
941 357 989 427 lt),
1014 356 1050 413 13
1543 362 1602 420 283

333 503 443 569 Simul
455 526 531 570 cum
548 504 671 590 angelo
687 505 788 571 etiam
804 504 946 572 lliohael
960 506 1066 571 tuitus
1080 509 1129 571 est
1143 527 1280 571 causam
1293 505 1505 576 ludaeorum.
1518 513 1600 576 Cum

278 633 376 676 unus
398 610 441 676 de
456 611 669 701 principibus
691 611 812 702 primis
836 611 980 693 dicatur,
996 613 1125 678 maiore
1146 611 1296 701 quadam
1320 611 1489 699 dignitate
1513 616 1603 683 iuter

282 716 428 802 angelos
442 723 615 807 praestare
635 717 878 785 existimandus
894 720 970 785 erit.
992 718 1087 785 Unde
1104 718 1187 785 ordo
1207 717 1348 807 quidem
1370 719 1603 789 hierarchicas

283 823 442 890 exsistere
458 826 586 891 censeri
607 825 718 892 debet.
734 826 898 892 Ultimum
918 825 1113 892 membrum
1136 824 1230 915 apud
1252 829 1331 892 Lxx
1351 831 1384 890 et
1400 826 1602 894 theodotio-

283 959 364 1004 uem
379 939 505 1025 legitur
520 963 528 1008 :
550 942 602 1002 καὶ
615 938 707 1002 αὐτὸν
725 940 895 1002 κατέλιπον
910 941 975 1002 ἐκεῖ
990 934 1070 1028 μετὰ
1090 946 1143 1004 τοῦ
1164 947 1336 1030 στρατηγοῦ
1357 941 1506 1022 βασιλέως
1535 937 1602 1032 (τοῦ

282 1047 427 1141 ἄρχοντος
447 1049 617 1144 βασιλείας)
635 1054 781 1146 Περσῶν,
799 1058 858 1146 qui
872 1061 980 1123 textus
990 1079 1073 1146 prae
1084 1079 1169 1123 mas,
1186 1063 1287 1146 aptus
1305 1056 1451 1125 videtur.
1467 1061 1603 1146 Legitur

284 1160 386 1227 hebr.
405 1161 498 1228 iuxta
514 1185 605 1252 repes
624 1168 820 1246 Persarum,
838 1186 927 1252 quae
943 1164 1043 1229 lectio
1057 1168 1096 1229 ut
1116 1168 1235 1252 aptum
1254 1185 1390 1230 sensum
1408 1165 1532 1231 fundat
1547 1189 1603 1232 ex-

282 1265 377 1357 plica
389 1290 487 1356 rages
499 1271 690 1356 generatim
706 1270 747 1336 de
762 1270 960 1359 potentibus
979 1276 1012 1336 et
1029 1269 1257 1358 principibus,
1276 1270 1335 1358 qui
1351 1276 1468 1336 tamen
1483 1271 1605 1339 modus

282 1374 672 1464 loquendi,praesertim
682 1398 762 1442 cum
772 1375 919 1442 addatur
934 1391 1005 1472 aaa,
1021 1379 1102 1443 satis
1121 1377 1230 1441 mirus
1242 1375 1379 1441 videtur
1397 1399 1511 1466 neque
1525 1380 1606 1446 satis

282 1499 462 1566 commode
486 1501 661 1590 explanari
691 1499 801 1590 pot‘est
833 1524 873 1567 ex
900 1505 952 1566 rs.
981 1507 1051 1584 Η.
1075 1501 1132 1566 lob
1156 1507 1271 1580 9935.
1298 1506 1353 1566 Ea.
1375 1507 1469 1578 PM.
1494 1504 1604 1569 Etiam

283 1606 398 1674 miuus
409 1608 522 1695 placet
540 1607 687 1694 intelligi
703 1631 825 1694 regem
839 1615 871 1674 et
887 1608 1051 1693 angelum
1065 1607 1255 1697 principem
1271 1607 1393 1696 (Hira.)
1408 1608 1462 1674 vel
1482 1610 1603 1675 seriem

284 1733 407 1798 regum
423 1717 617 1798 Persarum,
636 1716 684 1782 ita
699 1721 736 1780 ut
750 1714 894 1800 angelus
908 1714 1028 1780 innuat
1046 1714 1111 1780 hac
1129 1734 1190 1780 sua
1205 1714 1348 1780 victoria
1366 1713 1434 1779 iam
1450 1717 1553 1781 etiam
1566 1717 1604 1782 in

282 1823 457 1908 posterum
481 1827 697 1910 prospectum
726 1844 797 1888 esse
820 1822 913 1888 bono
943 1821 1147 1888 ludaeorum
1170 1821 1260 1909 apud
1288 1842 1385 1906 reges
1409 1824 1600 1890 Persarum.

283 1925 394 1992 Etiam
411 1933 517 2016 *ntuli
535 1949 602 2018 quo
615 1949 715 1995 sensu
740 1928 876 1994 dicatur
891 1929 1166 1994 controvertitur.
1183 1929 1279 1993 Notio
1297 1949 1385 2016 quae
1409 1927 1512 1994 verbo
1534 1929 1604 1994 fre-

283 2055 430 2139 quenter
445 2051 553 2119 inest:
571 2053 723 2142 reliquus
745 2053 853 2118 lactus
872 2058 939 2131 est,
956 2052 1107 2140 reliquus
1121 2051 1205 2131 luit,
1222 2074 1290 2118 uon
1316 2053 1473 2118 convenit
1491 2075 1604 2140 neque

281 2179 349 2222 vox
362 2163 439 2246 apte
454 2158 588 2224 deflecti
602 2164 710 2248 potest
726 2157 771 2224 ad
785 2157 1071 2244 significationem
1088 2180 1095 2225 :
1112 2179 1387 2246 supervacaneus
1401 2158 1454 2224 vel
1474 2159 1604 2225 inutilis

284 2261 335 2328 ibi
354 2264 460 2331 lactus
474 2285 550 2330 sum
566 2265 616 2354 (id
632 2266 723 2354 quod
742 2265 815 2331 vult
833 2268 858 2330 Z
862 2264 904 2354 .),
928 2287 997 2353 qua
1019 2266 1159 2330 notione
1184 2287 1253 2331 nou
1276 2270 1472 2354 usurpatur.
1490 2266 1603 2351 Sigui-

282 2369 403 2436 ficatus
418 2370 617 2437 remanendi
636 2371 806 2461 reperitur
821 2374 902 2437 Gen.
921 2375 1039 2452 35,25;
1058 2369 1118 2436 sed
1132 2392 1193 2459 epo
1209 2371 1359 2436 remansi
1373 2371 1408 2437 h.
1430 2371 1454 2438 l.
1476 2372 1524 2437 ita
1542 2370 1603 2436 de-

281 2475 381 2542 beret
398 2478 530 2566 concipi
551 2484 588 2544 ut
607 2477 652 2544 ad
666 2476 759 2544 idem
776 2485 911 2568 tempus
934 2477 1104 2543 referatur
1123 2500 1191 2566 quo
1210 2477 1333 2543 restitit
1349 2478 1507 2565 augelus3
1523 2499 1604 2544 nam

282 2588 362 2672 post
374 2582 446 2649 dies
458 2584 582 2671 viginti
594 2589 625 2649 et
645 2607 752 2651 uuum
772 2584 916 2671 augelus
929 2606 997 2650 non
1019 2585 1089 2650 iam
1105 2585 1269 2650 remansit
1290 2583 1384 2673 apud
1405 2606 1523 2671 regem
1544 2583 1605 2651 sed

282 2689 377 2754 venit
389 2689 432 2755 ad
444 2695 569 2771 vatem,
589 2696 624 2756 at
638 2696 720 2758 tunc
735 2713 803 2757 uon
820 2697 897 2780 apte
912 2692 1052 2780 ponitur
1064 2696 1245 2780 postquam
1259 2690 1388 2756 dictum
1404 2697 1453 2758 est
1465 2690 1605 2758 Michael
1633 2757 1639 2765 ,

283 2795 317 2860 ei
333 2797 459 2863 venisse
477 2796 686 2878 adiutorem3
702 2799 752 2863 ita
767 2797 857 2864 euim
875 2819 938 2887 per
955 2797 1168 2864 adiutorium
1188 2797 1359 2863 indicatur
1373 2797 1512 2865 demum
1527 2803 1604 2886 post

282 2901 419 2988 longius
435 2907 608 2970 certamen
629 2905 807 2970 victoriam
827 2926 898 2970 esse
919 2908 1144 2992 reportatam,
1160 2911 1235 2992 post
1256 2925 1358 2992 quam
1383 2906 1496 2970 statim
1519 2904 1604 2969 adiit

282 3009 506 3096 prophetam;
521 3009 646 3074 etenim
666 3031 729 3075 our
747 3031 816 3075 non
837 3016 937 3076 autea
956 3010 1104 3090 venerit,
1119 3031 1223 3075 cansa
1244 3011 1423 3098 reponitur
1439 3011 1476 3074 in
1492 3014 1603 3074 certa-

283 3114 378 3179 mine
397 3114 487 3204 quod
505 3113 703 3182 obeundum
718 3121 791 3181 erat
806 3138 837 3181 ν.
856 3123 909 3182 13.
929 3115 1111 3181 Molestiam
1128 3136 1203 3180 eam
1222 3136 1310 3203 quae
1326 3137 1366 3180 ex
1382 3115 1603 3181 collocatione

282 3219 395 3287 oritur
414 3222 471 3288 alii
491 3221 659 3308 effugiunt
675 3223 882 3311 explicantes
901 3222 1099 3289 :victoriam
1121 3222 1310 3310 reportavi,
1338 3221 1496 3301 excellui3
1515 3243 1603 3310 quae

284 3331 399 3394 tamen
419 3328 598 3418 explicatio
623 3349 661 3394 eo
678 3327 814 3394 laborat
833 3328 1052 3394 incommodo
1079 3334 1116 3395 ut
1136 3351 1199 3416 pro
1223 3328 1288 3394 hoc
1308 3328 1383 3393 loco
1402 3328 1445 3393 sit
1467 3329 1600 3412 excogi-

281 3438 371 3515 tata;
395 3457 564 3524 nusquam
585 3436 732 3523 animoa
759 3436 896 3502 notione
917 3457 983 3501 vox
1004 3436 1063 3501 illa
1077 3436 1261 3524 reperitur.
1287 3434 1385 3500 Omni
1401 3441 1516 3500 autem
1533 3433 1601 3500 dit-

282 3541 434 3608 ficultate
448 3541 638 3610 liberamur
656 3547 748 3608 textu
771 3563 895 3628 graeco
912 3564 920 3610 :
940 3564 1080 3608 causam
1096 3541 1215 3632 populi
1236 3539 1328 3631 apud
1351 3563 1468 3627 regem
1485 3547 1603 3607 tuetur

282 3647 422 3714 Michael
437 3648 677 3735 archangelus.

325 3881 364 3940 st
378 3881 490 3959 nequit
509 3880 705 3940 dissimulari
726 3881 757 3940 in
774 3899 802 3940 v.
822 3883 869 3941 lt.
889 3884 926 3942 13
947 3880 1034 3940 haud
1057 3897 1171 3958 parum
1196 3898 1265 3940 esse
1288 3881 1503 3940 obscuritatis.
1521 3877 1601 3940 Dicit

282 3978 370 4039 euim
384 3981 514 4058 angelus
530 3980 593 4039 iam
610 3978 660 4039 dic
676 3980 779 4056 primo
794 3979 945 4038 orationis
960 3983 990 4038 et
1001 3979 1113 4038 ieiunii
1126 3979 1299 4056 prophetae
1314 3996 1428 4056 preces
1443 3978 1511 4038 eius
1532 3994 1600 4037 esse

283 4077 459 4137 exauditas.
477 4077 510 4138 ld
528 4079 636 4154 itaque
657 4077 717 4138 scit
731 4077 878 4155 augelus3
897 4078 990 4154 proin
1014 4077 1054 4138 de
1078 4078 1241 4137 voluntate
1262 4077 1317 4135 Dei
1341 4076 1403 4134 iam
1424 4076 1601 4135 constabat.

281 4175 451 4246 Quomodo
474 4175 568 4252 igitur
590 4175 671 4234 alter
690 4175 820 4252 augelus
843 4174 949 4234 adbuc
970 4175 1119 4234 resistere
1145 4175 1291 4254 poterat?
1315 4177 1394 4233 Nam
1416 4174 1601 4252 augelorum

280 4290 424 4352 pugnam
439 4271 643 4352 explicantS.
662 4273 799 4332 Thomas
816 4273 935 4350 aliique
955 4290 992 4331 ox
1008 4273 1064 4331 Dei
1078 4273 1240 4332 voluntate
1255 4271 1398 4332 nondum
1414 4269 1537 4349 angelis
1550 4289 1602 4332 co·

281 4371 383 4448 guita.
398 4373 483 4430 llaec
501 4371 598 4450 igitur
620 4371 788 4448 explicatio
808 4387 873 4430 non
888 4370 1017 4429 videtur
1031 4370 1085 4430 bio
1097 4371 1218 4430 nodum
1234 4369 1366 4429 solvere.
1384 4370 1492 4428 Eritne
1505 4370 1602 4446 igitur

281 4467 455 4529 dicendum
481 4469 631 4546 angelum
649 4469 702 4546 qui
718 4469 889 4529 resistebat
912 4470 1009 4526 abeo
1030 4468 1181 4546 precibus
1206 4468 1271 4528 suis
1297 4467 1436 4527 voluisse
1456 4468 1600 4527 obtinere

281 4565 496 4626 mutationem
512 4566 630 4626 decreti
656 4573 687 4625 et
701 4565 834 4642 proinde
852 4566 1050 4625 voluntatem
1076 4565 1164 4623 illam
1188 4582 1250 4642 qua
1265 4581 1375 4642 preces
1390 4565 1529 4624 Danielis
1545 4583 1601 4625 au-

281 4662 369 4723 ditae
386 4664 449 4724 sint
471 4663 690 4724 considerasse
707 4665 796 4740 quasi
818 4663 995 4723 conditioni
1011 4662 1174 4739 alligatam
1191 4668 1222 4722 et
1237 4662 1383 4722 noudum
1399 4662 1602 4722 absolutam?

282 4761 394 4837 Neque
411 4761 501 4822 tacite
519 4762 710 4840 intelligitur
728 4761 804 4839 quid
820 4761 950 4820 tandem
968 4760 1101 4839 angelus
1117 4761 1169 4821 eui
1193 4761 1323 4822 llichael
1344 4778 1438 4839 opem
1454 4760 1527 4820 tulit
1544 4777 1600 4818 sua
