3550 5367
227 311 286 369 222
787 307 867 365 DAN.
892 306 921 374 8,
946 306 983 363 ⁶27

227 460 437 537 etcinerem,
455 456 489 524 id
506 456 623 523 Daniel
642 458 677 521 in
699 455 761 522 illa
781 456 907 521 virium
928 454 1116 521 detectione
1138 458 1172 520 et
1190 456 1426 540 aegrotatione
1450 456 1485 522 in
1510 479 1548 521 se

227 566 411 655 experitur.
429 564 563 629 Viribus
578 562 802 629 redeuntibus
818 562 931 647 surgit
946 567 979 627 et
994 560 1051 627 illa
1073 561 1145 627 obit
1164 562 1354 627 ministeria
1372 584 1459 650 quae
1479 564 1548 652 ipsi

226 673 264 739 in
280 672 361 739 aula
383 672 480 758 regia
493 670 549 735 vel
568 670 603 734 in
620 690 763 735 munere
785 669 851 735 sibi
874 667 1082 735 demandato
1106 667 1363 735 incumbebant.
1386 668 1485 759 apud
1509 692 1548 735 se

226 784 341 846 autem
353 798 481 863 magno
501 782 638 865 stupore
653 782 686 841 et
699 776 821 842 timore
835 775 943 841 volvit
955 796 1042 864 qnae
1062 773 1164 856 vidit,
1180 796 1220 840 ea
1239 774 1314 841 aliis
1329 797 1465 865 quoque
1488 798 1548 841 re-

228 888 310 963 se1t3
328 890 362 951 at
375 905 476 950 nemo
497 882 694 949 vaticinium
712 883 805 948 clare
824 904 864 948 ac
885 880 1042 947 distincte
1060 881 1243 970 explanare
1258 886 1379 970 potest.
1399 910 1414 942 ι(
1438 887 1548 969 Reges

226 991 382 1058 audierat
396 995 429 1056 et
443 1011 560 1056 eorum
581 989 724 1056 nomina
746 988 938 1069 nesciebat,
952 988 1069 1054 sutura
1084 994 1292 1074 cognoverat
1316 994 1348 1054 ct
1372 1012 1439 1077 quo
1457 994 1548 1055 tem-

227 1119 310 1188 pore
326 1099 442 1163 futura
460 1100 570 1163 essent
587 1094 713 1162 dubius
730 1094 937 1174 fluctuabat;
954 1094 1069 1183 itaque
1084 1094 1175 1185 quod
1190 1094 1301 1161 solum
1316 1094 1429 1163 lacere
1448 1102 1546 1185 pote-

228 1211 297 1286 rat,
325 1203 483 1293 stupebat
515 1202 560 1269 ad
593 1202 755 1269 visionem
790 1206 825 1268 et
851 1202 909 1267 nei
933 1202 1095 1268 scientiae
1129 1208 1251 1269 cuncta
1277 1202 1543 1291 relinquebat»

227 1312 276 1401 (S.
294 1310 419 1399 Hira).
431 1309 537 1376 Aliter
549 1311 666 1377 Sonat.
684 1309 856 1375 neminem
870 1310 1004 1375 novisse
1012 1330 1150 1374 causam
1162 1307 1339 1395 languoris
1352 1314 1386 1375 et
1399 1310 1547 1399 stuporis

228 1415 385 1498 Danielis,
405 1418 453 1483 uti
475 1416 598 1483 Theod.
616 1436 752 1504 quoque
772 1414 942 1504 explicuit.

455 1642 486 1701 3.
510 1638 670 1700 &acutum
691 1640 729 1699 dc
748 1642 936 1717 septuaginta
957 1638 1159 1699 heddomadis.
1185 1640 1260 1717 Cap.
1284 1642 1314 1700 9.

272 1842 355 1905 Aac.
373 1874 417 1885 -
434 1834 551 1901 Daniel
566 1833 762 1919 intelligens
777 1854 883 1899 annos
895 1834 1112 1923 septuaginta
1125 1832 1341 1901 desolationis
1362 1834 1544 1902 Ierusalem

229 1943 406 2012 aleremia
416 1941 608 2033 praedictos
618 1962 763 2027 vergere
776 1939 820 2006 ad
832 1939 936 2005 finem
946 1940 1156 2029 poenitentia
1170 1946 1203 2007 et
1215 1941 1368 2008 oratione
1386 1941 1429 2007 ad
1439 1946 1546 2008 Deum

228 2050 382 2135 confugit
392 2050 534 2138 (9,1-3);
548 2047 662 2114 tundit
672 2048 873 2129 orationem,
891 2068 959 2136 qua
970 2048 1107 2113 nomine
1122 2048 1242 2137 populi
1252 2048 1354 2115 totius
1364 2048 1546 2115 confitetur

228 2156 435 2245 multiplices
454 2155 653 2245 iniquitates
674 2154 720 2221 ab
743 2152 904 2220 omnibus
926 2176 997 2221 esse
1021 2159 1139 2220 contra
1162 2159 1268 2221 Deum
1292 2156 1487 2221 commissas
1513 2163 1545 2221 et

227 2284 355 2352 poenas
377 2284 461 2350 quas
479 2266 565 2329 Deus
586 2262 737 2328 minatus
759 2264 846 2327 esset
868 2261 990 2327 merito
1014 2282 1084 2327 esse
1107 2261 1251 2327 inflictas
1282 2262 1440 2351 (9‚t·1t);
1465 2261 1546 2328 dein

227 2369 389 2458 implorat
402 2367 673 2435 misericordiam
688 2367 762 2447 Dei,
777 2370 816 2432 ut
831 2370 919 2435 Deus
932 2388 1065 2433 memor
1079 2364 1323 2434 beneficiorum
1344 2368 1424 2435 olim
1444 2390 1547 2457 prae-

228 2477 400 2554 stitorum,
418 2495 551 2539 memor
567 2495 647 2539 suae
663 2474 769 2561 ipsius
786 2472 929 2558 gloriae,
945 2494 1078 2540 memor
1091 2474 1210 2565 populi
1231 2474 1295 2541 sibi
1317 2476 1403 2541 sacri
1423 2476 1545 2541 etiam-

227 2603 311 2647 num
330 2581 582 2647 miserationem
602 2579 769 2665 largiatur
786 2584 819 2643 et
833 2580 982 2664 gratiam
1002 2580 1287 2671 (9,15-19).Tum
1304 2582 1335 2648 ei
1354 2582 1465 2648 adstat
1480 2585 1546 2647 Ga-

88 2726 93 2734 ·
225 2688 332 2768 briel‚
347 2688 405 2777 qui
421 2708 500 2753 eum
516 2685 636 2752 edocet
658 2684 702 2751 de
727 2684 929 2751 liberatione
954 2686 1121 2753 messiane
1148 2688 1203 2754 cui
1225 2690 1444 2779 praestitutae
1467 2695 1547 2754 sunt

229 2794 446 2884 septuaginta
464 2789 696 2858 hebdomades
710 2812 880 2857 annorum
896 2792 1082 2880 (9,20-2t);
1098 2791 1143 2857 ab
1161 2794 1251 2859 exitu
1271 2796 1363 2861 enim
1380 2796 1547 2860 sermonis

226 2901 413 2968 utiterum
441 2897 641 2965 aedificetur
662 2896 848 2964 Ierusalem
871 2918 980 2986 nsque
1008 2896 1054 2967 ad
1078 2899 1227 2965 Messinm
1254 2900 1444 2991 principem
1471 2900 1546 2967 fore

226 3006 460 3073 hebdomades
485 3004 814 3095 undeseptuaginta3
839 3009 916 3094 post
949 3027 1005 3071 eas
1029 3005 1178 3071 Messium
1212 3006 1256 3072 iri
1285 3008 1453 3088 occisum;
1479 3008 1547 3074 hac

230 3120 344 3181 autem
363 3112 467 3179 caede
482 3112 640 3178 effectum
655 3112 699 3177 iri
719 3115 757 3176 ut
772 3110 892 3177 civitas
911 3116 943 3177 et
960 3110 1128 3202 templum
1147 3112 1357 3189 desolatione
1371 3118 1548 3180 vastentur

229 3220 409 3309 (abb-26).
426 3217 646 3285 Hebdomada
660 3223 774 3284 autem
789 3219 1045 3307 septuagesima
1064 3217 1182 3287 multis
1198 3218 1288 3287 salus
1303 3220 1543 3301 confirmatum

230 3328 342 3394 media
355 3325 574 3392 bebdomada
588 3324 755 3391 sacrificia
766 3324 1039 3407 evacuabuntur,
1053 3347 1200 3413 quorum
1213 3325 1393 3411 abnegatio
1408 3349 1546 3415 quoque

227 3437 263 3514 in
280 3433 487 3499 desolatione
500 3429 618 3520 templi
631 3431 774 3520 perenni
790 3436 823 3496 et
836 3431 1025 3497 vastatione
1050 3430 1339 3500 demonstrabitur
1358 3434 1476 3525 (937).

273 3540 456 3607 Oraculum
470 3539 537 3604 hoc
555 3559 644 3603 nexu
661 3542 891 3603 consentaneo
912 3536 956 3603 ad
974 3539 1212 3605 antecedentia
1229 3539 1443 3627 adiungitur.
1460 3545 1545 3607 Nam

229 3650 263 3713 in
276 3670 351 3737 cap.
365 3654 385 3712 7
398 3645 482 3711 visio
499 3643 542 3710 de
553 3649 715 3732 quattuor
729 3644 857 3730 regnis
874 3666 963 3733 quae
978 3644 1046 3710 iam
1064 3643 1268 3712 adumbrata
1282 3653 1354 3713 crat
1367 3648 1403 3713 in
1418 3670 1494 3737 cap.
1509 3654 1543 3729 Ξ,

228 3754 339 3840 magis
355 3750 605 3819 determinatur
619 3755 652 3816 et
665 3750 761 3815 novis
776 3750 877 3816 rebus
887 3750 1013 3815 additis
1028 3750 1235 3840 completur;
1250 3754 1286 3818 in
1301 3775 1376 3844 cap.
1395 3760 1415 3821 a
1430 3760 1546 3821 autem

227 3882 373 3950 eaquae
393 3858 580 3925 dictasunt
603 3856 645 3922 de
669 3878 778 3942 ragno
803 3855 954 3923 secundo
974 3862 1007 3923 et
1028 3859 1129 3924 tertio
1150 3858 1363 3948 explicantur
1381 3861 1492 3949 magis
1512 3866 1548 3927 ct

225 3966 452 4057 complentur.
468 3969 579 4042 Quare
597 3964 721 4029 merito
736 3969 971 4052 exspectamus
990 3964 1064 4030 fore
1083 3970 1120 4030 ut
1140 3967 1177 4031 in
1197 3988 1273 4056 cap.
1290 3974 1310 4033 9
1330 3968 1464 4059 aliquid
1482 3968 1545 4035 ad-

226 4075 329 4141 datur
347 4073 389 4139 de
410 4078 563 4161 ternpore
585 4069 687 4156 regni
710 4070 837 4159 quarti.
861 4075 970 4161 Atque
1000 4068 1120 4139 ira‘fit.
1144 4073 1210 4139 Sed
1233 4072 1316 4140 dum
1336 4075 1373 4141 in
1395 4098 1471 4165 cap.
1488 4084 1546 4143 *Ia

228 4202 335 4267 regno
357 4183 479 4270 quarto
499 4178 614 4246 statim
644 4176 809 4242 transitur
832 4175 876 4241 ad
896 4177 996 4262 regui
1019 4178 1178 4245 messiani
1200 4185 1335 4269 tempus
1357 4187 1545 4248 extremum

229 4287 370 4375 eiusque
392 4286 540 4372 gloriam
556 4304 745 4373 perennem
764 4304 852 4372 quae
871 4282 988 4350 futura
1009 4290 1057 4349 est
1079 4306 1156 4351 eum
1175 4289 1307 4353 venerit
1323 4290 1452 4355 Messias
1466 4310 1544 4356 eum

233 4393 385 4461 nubibus
401 4392 497 4474 coeli,
520 4393 556 4457 in
575 4395 689 4457 nostro
713 4390 827 4478 capite
846 4396 1026 4479 postquam
1047 4391 1140 4457 bona
1161 4394 1328 4459 messiano
1352 4398 1545 4481 generatim

232 4500 401 4588 descripta
413 4502 490 4564 sunt
503 4496 548 4586 (v.
564 4496 635 4585 tta),
651 4496 790 4563 initium
803 4496 1032 4563 adumbratur
1043 4498 1114 4563 eius
1127 4498 1227 4585 regni
1241 4507 1274 4566 et
1288 4506 1424 4591 tempus
1436 4502 1546 4569 deter-

230 4608 382 4675 minatur
391 4603 528 4695 qnando
543 4604 673 4669 Messias
688 4625 775 4693 opus
791 4625 891 4670 suum
908 4609 958 4669 est
974 4625 1197 4690 aggressurus
1215 4612 1248 4673 et
1262 4630 1323 4675 sua
1338 4614 1447 4675 morte
1464 4630 1545 4698 per-

229 4716 392 4783 fecturus.
410 4710 704 4789 Quemadmodum
722 4710 829 4796 igitur
847 4715 927 4794 tatto
947 4729 1094 4798 regnum
1117 4714 1322 4781 messianum
1345 4716 1546 4806 depingitur
