3550 5367
234 315 293 377 208
788 314 865 373 Dsu.
889 317 919 386 8,
944 316 993 373 le

234 465 327 555 quod
342 472 400 548 7,5
411 464 522 532 tribus
540 465 641 532 costis
655 466 747 530 inter
762 462 880 529 dentes
900 464 970 529 ursi
984 462 1256 550 significabatur,
1274 464 1344 530 iam
1361 463 1556 553 explicatur

139 662 141 666 .
232 594 295 662 per
312 573 453 639 arietem
469 572 530 661 qui
553 569 716 637 cornibus
733 570 874 637 ventilat
892 574 1011 636 contra
1030 569 1259 651 occidentem,
1281 570 1402 637 eontra
1415 570 1554 659 aquilo-

235 700 330 759 nem,
347 683 466 745 eontra
482 676 683 759 meridiem;
698 698 783 763 ergo
806 680 875 743 tres
893 678 1051 762 regiones
1066 674 1130 743 sihi
1150 674 1287 743 subiicit
1305 681 1339 743 et
1358 674 1551 744 conculcat.

233 786 364 852 Pariter
379 782 472 874 quod
489 783 531 850 de
550 783 652 849 tertio
672 804 781 869 regno
797 790 855 865 7‚6
870 781 1012 869 legitur,
1033 783 1104 849 iam
1118 782 1308 849 distinctius
1327 784 1550 873 proponitur3

233 893 270 958 in
286 887 348 959 alis
371 891 570 977 designatur
588 888 825 980 rapidissimus
846 889 904 955 ille
927 910 1062 974 eumue,
1086 911 1154 978 quo
1172 893 1302 956 terram
1321 911 1390 956 non
1408 894 1552 975 tangere

232 998 370 1064 videtur
383 996 516 1078 hircus;
535 1001 698 1086 quattuor
708 996 822 1086 capita
835 996 1050 1086 explicantur
1062 994 1106 1061 de
1118 1000 1280 1084 quattuor
1296 996 1413 1081 regnis
1431 1018 1471 1061 ex
1483 1016 1553 1062 uno

114 1157 120 1177 ,
234 1105 388 1185 orituris3
407 1108 521 1170 cetera
541 1125 629 1191 quae
646 1125 721 1193 cap.
744 1102 957 1189 Sleguntur,
974 1124 1065 1170 nova
1082 1106 1207 1169 suntet
1226 1102 1317 1169 tertii
1337 1104 1436 1191 regni
1448 1102 1552 1169 finem

221 1216 267 1290 set
289 1211 418 1276 exitum
441 1210 575 1276 ratione
599 1208 720 1276 habita
737 1209 859 1298 populi
880 1209 1049 1298 regnique
1069 1208 1128 1275 Dei
1152 1208 1292 1275 uberius
1314 1214 1489 1277 enarrant.
1506 1212 1553 1274 Ex

233 1316 358 1405 quibus
375 1316 594 1405 perspicuum
617 1320 665 1381 est
681 1321 785 1405 eaput
801 1315 868 1381 hoc
881 1336 971 1381 nexu
988 1315 1174 1383 arctissimo
1190 1315 1235 1382 ad
1249 1314 1457 1404 praecedens
1473 1336 1552 1404 per-

236 1424 358 1506 tinere,
391 1443 459 1511 quo
483 1422 555 1489 scil.
579 1422 787 1490 lineamenta
823 1421 883 1487 illa
911 1422 1021 1488 obiter
1051 1419 1155 1489 dueta
1179 1421 1416 1511 compleantur
1446 1426 1478 1487 et
1507 1420 1551 1487 ad
1620 1410 1630 1425 ⁸

232 1529 385 1615 effigiem
410 1528 645 1619 perficiantur.
669 1527 751 1595 lnde
773 1548 856 1593 vero
878 1528 982 1595 simul
1008 1528 1119 1595 elucet
1136 1550 1322 1618 perperam
1344 1528 1512 1615 assignari
1530 1551 1553 1594 a.

233 1636 349 1702 multis
369 1641 473 1727 eaput
494 1642 514 1703 8
536 1639 713 1725 tamquam
732 1634 869 1701 initium
893 1635 1003 1723 partis
1025 1633 1106 1701 libri
1130 1633 1286 1719 alterius;
1307 1635 1385 1701 vide
1401 1657 1488 1723 quae
1514 1633 1551 1701 in

233 1742 368 1829 Proleg.
386 1741 583 1809 dictasunt.

568 1965 597 2034 a>
618 1968 712 2019 Visto
731 1968 773 2019 do
791 1967 901 2021 ariete
920 1970 954 2020 et
972 1968 1067 2021 hirco
1086 1968 1214 2033 8‚1-14.

277 2152 372 2234 Quod
391 2153 579 2243 prophetae
599 2153 636 2217 in
660 2152 859 2218 universum
886 2156 1058 2218 ostensum
1077 2158 1165 2235 erat,
1186 2151 1222 2218 id
1242 2156 1329 2218 Deus
1352 2152 1383 2218 ei
1405 2149 1551 2217 decursu

232 2260 395 2351 temporis
415 2259 526 2345 magis
548 2258 727 2347 magisque
748 2280 812 2347 per
837 2258 974 2344 singula
999 2258 1173 2349 proponit.
1199 2262 1249 2324 lta
1277 2257 1319 2325 de
1345 2257 1552 2325 revelatione

171 2449 181 2463 .
233 2389 324 2434 anno
346 2364 497 2432 seeundo
511 2364 824 2431 Nabuchodonosor
839 2368 980 2454 accepta
996 2364 1120 2431 clarius
1138 2363 1299 2431 edocetur
1320 2370 1395 2455 post
1414 2369 1552 2453 tempus

232 2472 386 2558 longius,
403 2492 494 2537 anno
508 2470 579 2537 scil.
597 2471 709 2558 primo
729 2470 906 2549 Baltasser‚
925 2470 1037 2535 ultimi
1055 2471 1163 2555 regis,
1181 2492 1256 2561 eap.
1279 2477 1317 2552 ῖς
1340 2471 1409 2537 iam
1433 2469 1475 2536 de
1497 2468 1551 2534 vi-

232 2581 326 2646 sione
340 2577 405 2643 hac
418 2578 544 2643 iterum
563 2582 718 2664 tempore
732 2575 892 2642 breviore
908 2576 1024 2665 elapso
1040 2576 1143 2643 aliam
1159 2598 1303 2665 eamque
1320 2576 1431 2663 magis
1445 2574 1552 2664 expli-

232 2687 335 2751 citam
359 2684 484 2772 accipit
505 2682 851 2749 communicationem
874 2681 1046 2765 divinam;
1071 2706 1104 2749 v.
1132 2690 1147 2749 1
1173 2712 1188 2744 «
1210 2687 1309 2750 Anam
1331 2683 1429 2750 tertio
1454 2682 1555 2771 reqni

233 2792 405 2858 Baltassar
419 2791 507 2879 repis
517 2788 600 2855 visio
614 2789 777 2879 apparant
786 2788 889 2871 nn'ln‘;
901 2810 962 2878 epo
975 2789 1099 2857 Daniel
1105 2803 1186 2880 post
1199 2789 1237 2856 id
1249 2789 1341 2879 qnod
1347 2789 1498 2859 uideram
1514 2789 1551 2855 in

230 2896 401 2987 praecepio
419 2920 453 2964 v.
472 2894 579 2962 avide·
590 2895 627 2961 in
641 2895 766 2963 varone
780 2917 876 2976 mea,
896 2918 973 2961 otene
988 2918 1092 2963 essem
1108 2896 1144 2963 in
1158 2896 1253 2965 Susis
1272 2910 1379 2963 castro
1395 2895 1489 2987 qnod
1502 2908 1552 2963 est

233 3006 270 3071 in
283 3002 405 3071 Aelrznc
424 3002 580 3092 repz'one;
593 3000 666 3067 vidi
679 3014 794 3067 antem
810 3001 847 3069 in
863 3002 988 3068 va'seone
1001 3024 1068 3069 esse
1083 3025 1137 3069 nce
1149 3024 1251 3094 snper
1262 3016 1400 3092 portam
1422 3001 1499 3070 Uloi
1510 3026 1547 3085 »3

232 3149 277 3163 -
308 3112 353 3178 ab
381 3112 448 3178 hoe
476 3108 588 3199 eapite
620 3114 654 3174 et
687 3108 847 3197 deinceps
883 3108 994 3175 utitur
1025 3110 1142 3177 Daniel
1174 3110 1295 3197 lingua
1325 3110 1443 3188 hebr.;
1470 3106 1550 3175 vide

232 3219 364 3305 Proleg.
381 3222 465 3285 Cum
479 3214 574 3283 dieat
595 3214 681 3281 visio
705 3214 871 3304 apparuit
891 3214 978 3281 mclii
999 3216 1137 3283 Danieli
1151 3227 1231 3306 pest
1254 3239 1330 3283 eam
1354 3236 1441 3308 qnae
1465 3214 1553 3282 miti

233 3337 363 3391 osterna
380 3335 428 3390 est
446 3323 484 3389 in
496 3322 592 3388 initio
609 3320 664 3387 vel
679 3327 780 3388 antea
794 3320 942 3411 (hebr),
960 3322 1032 3412 ipse
1047 3327 1140 3389 vetes
1153 3322 1242 3389 hane
1256 3323 1422 3391 visionem
1441 3322 1548 3413 priori

231 3432 268 3497 in
283 3453 358 3521 cap.
376 3437 396 3495 7
414 3428 549 3495 adnecti
568 3427 735 3510 deelarat3
762 3427 898 3493 initium
919 3434 1029 3517 potest
1050 3429 1171 3495 referri
1186 3430 1231 3497 ad
1249 3452 1378 3497 annum
1396 3432 1546 3519 primum

232 3538 323 3623 regis
341 3543 415 3619 v,1;
431 3532 491 3601 sed
506 3521 615 3634 niune
628 3535 732 3601 etiam
747 3533 922 3601 notionem
937 3534 1051 3602 induit
1065 3535 1175 3621 magis
1191 3536 1388 3622 generalem
1407 3542 1440 3603 et
1455 3535 1549 3603 inde·

231 3660 450 3729 terminatam
468 3671 584 3741 antea,
610 3664 713 3748 prout
726 3660 763 3726 S.
785 3659 880 3725 Hier.
897 3681 1015 3726 vocem
1038 3659 1140 3727 vertit
1149 3661 1250 3750 prins
1265 3667 1346 3729 Gen.
1373 3668 1468 3745 13,3;
1491 3668 1545 3743 13,

234 3773 286 3835 18.
307 3771 348 3835 Is,
377 3772 472 3849 1363
491 3776 571 3831 ante
586 3769 668 3833 Gen.
695 3769 809 3845 t3‚20.
828 3765 968 3851 Legitur
985 3766 1028 3832 ad
1049 3766 1193 3833 verbum
1217 3768 1255 3835 in
1275 3792 1306 3834 v.
1335 3776 1406 3835 Det
1420 3768 1492 3835 vidi
1512 3768 1547 3834 in

231 3874 356 3940 cisione
376 3884 409 3939 et
417 3872 489 3962 fuit
502 3871 649 3961 (foetum
664 3870 723 3959 est)
739 3892 816 3937 earm
836 3870 986 3937 viderem
999 3884 1032 3939 et
1043 3895 1108 3962 epo,
1123 3874 1159 3939 a'n
1179 3874 1276 3942 Susis
1295 3896 1415 3943 arce...
1433 3886 1466 3941 et
1479 3874 1552 3941 vidi

230 3980 269 4045 in
281 3979 406 4046 vasione
424 3989 457 4043 et
469 3999 529 4067 eqo
543 3976 599 4067 sui
610 3975 797 4066 edflumen
818 3975 914 4061 ellan
928 3999 968 4043 ex
984 4000 1052 4067 quo
1072 3978 1236 4069 loquendi
1254 3980 1357 4047 modo
1379 3982 1476 4071 sequi
1499 3981 1548 4046 vi·

231 4086 331 4153 detur
349 4090 461 4151 vatem
483 4105 553 4149 non
574 4104 736 4172 corpore,
761 4081 821 4148 sed
841 4085 952 4151 solum
975 4086 1104 4152 visione
1123 4090 1157 4152 et
1174 4086 1422 4173 imaginatione
1442 4087 1546 4155 fuisse

231 4193 267 4257 in
287 4212 364 4258 arce
380 4191 482 4258 Susis.
505 4192 619 4278 Neque
641 4189 734 4254 enim
756 4188 864 4258 dicit:
882 4190 933 4256 fui
955 4192 1047 4258 Susis
1066 4196 1099 4259 et
1117 4190 1189 4258 vidi
1207 4194 1243 4258 in
1262 4194 1407 4276 visione,
1427 4214 1546 4261 verum
1659 4278 1665 4287 g

231 4298 285 4363 bis
299 4296 446 4363 affirmat
468 4318 476 4361 ε
494 4294 565 4361 vidi
578 4295 614 4360 in
632 4294 763 4361 visione
779 4301 813 4361 et
828 4318 922 4363 eram
938 4297 974 4363 in
990 4299 1099 4381 Susis,
1118 4298 1191 4365 vidi
1203 4298 1239 4365 in
1256 4300 1385 4368 visione
1402 4306 1435 4366 et
1450 4320 1545 4366 eram

231 4402 275 4470 ad
291 4402 434 4469 fluvium
448 4402 536 4482 Ulai,
557 4400 593 4466 id
607 4400 701 4490 quod
720 4403 861 4470 omnino
875 4401 943 4469 dici
956 4402 1091 4469 videtur
1104 4402 1147 4470 de
1161 4426 1202 4471 eo
1217 4407 1278 4495 qui
1292 4407 1401 4472 solum
1417 4406 1546 4473 visione

230 4510 409 4577 transferri
429 4507 497 4573 sibi
509 4506 693 4574 videbatur
705 4508 741 4573 in
756 4530 831 4575 eam
851 4510 1029 4593 regionem
1049 4510 1103 4576 vel
1122 4511 1178 4575 eui
1196 4534 1238 4578 ea
1251 4512 1348 4599 regio
1367 4512 1546 4579 invisione

231 4621 280 4684 est
294 4614 421 4683 oblata.
438 4618 488 4680 lta
500 4614 607 4680 verba
621 4614 721 4680 multi
739 4614 936 4705 concipiunt
955 4614 1077 4702 (Mald.
1095 4617 1213 4684 Sanct.
1227 4620 1317 4685 lior.
1334 4622 1418 4708 Lep.
1437 4616 1543 4686 Gord.

234 4724 298 4789 Te'r.
310 4721 461 4802 Pulmer,
478 4723 513 4788 Z.
533 4719 621 4808 Keil)
630 4719 756 4810 quibus
764 4720 833 4786 iam
844 4723 870 4786 T
868 4720 966 4788 deod.
979 4721 1125 4811 praeisse
1139 4724 1286 4810 videtur,
1302 4746 1379 4792 eum
1394 4724 1522 4793 scribat
1537 4748 1545 4793 ε
