3550 5367
1563 319 1719 377 DAN.
1768 321 1826 389 7,
1874 321 1989 377 5-6
2971 324 3083 383 191

442 469 709 520 Ceterum
735 470 908 520 verba
930 471 1085 520 varie
1107 471 1364 534 exposita
1385 474 1537 521 sunt.
1561 470 1872 538 Theodotio
1900 469 2038 533 legit
2066 471 2276 534 hophal
2301 472 2458 522 verbi
2492 486 2503 520 :
2535 467 2604 531 εἰς
2631 470 2773 539 μέρος
2790 470 2846 522 ἓν
2877 469 3084 534 ἐστάθη,

440 557 503 610 id
532 558 684 622 quod
706 572 879 609 sensu
902 557 1102 609 eodem
1131 559 1562 622 concipiendum
1604 561 1739 620 erit;
1769 558 2029 609 similiter
2056 559 2226 609 LXX.
2261 560 2426 619 Quod
2453 561 2549 610 alii
2583 567 2810 612 vertunt
2841 576 2855 611 ε
2891 565 3090 615 extulit

440 658 651 709 corpus
678 660 843 697 suum
870 646 944 697 ad
972 660 1147 698 unum
1172 648 1341 712 latus,
1368 647 1440 698 ad
1469 647 1707 698 eandem
1740 649 2030 699 notionem
2074 648 2288 699 recidit.
2321 647 2484 707 Quod
2511 650 2570 699 S.
2600 651 2751 700 Hier.
2783 651 2951 701 habet
2981 665 2995 700 :
3028 654 3086 702 in

440 740 608 799 parte
640 737 821 797 stetit,
862 737 1038 800 aliqui
1083 740 1371 800 exponunt
1407 753 1422 787 ε
1466 750 1581 787 non
1619 739 1799 787 totum
1838 749 2076 800 regnum
2113 737 2507 799 babylonicum
2548 742 2840 816 occupavit
2878 740 3084 803 (Han),

441 824 687 875 Iudaeos
708 826 1044 887 explanasse
1072 824 1243 876 refert
1271 827 1329 876 S.
1360 827 1513 874 Hier.
1545 839 1563 876 .·
1583 824 1738 876 'nihil
1763 838 1862 876 eos
1886 826 2157 877 adversus
2187 826 2365 876 Israel
2394 827 2619 877 crudele
2648 830 2923 890 gessisse,
2957 830 3087 879 abs-

440 914 682 964 tinuisse
711 927 745 964 a
775 914 1015 965 Iudaeis.
1053 915 1164 964 Alii
1197 928 1211 962 :
1245 914 1316 965 ad
1348 914 1500 965 latus
1531 928 1707 965 unum
1735 915 1896 965 irruit
1925 916 1962 964 i.
1995 927 2047 965 e.
2077 915 2135 964 in
2164 915 2504 978 Babylonios
2536 914 2676 982 (Vct.
2705 916 2868 967 Hald.
2901 914 3082 985 Lap.);

440 1003 545 1053 alii
576 1014 591 1050 ε
625 1002 694 1052 ad
721 1004 867 1053 latus
895 1015 1090 1063 unum,
1119 1003 1192 1053 ad
1212 1006 1437 1067 partem
1464 1005 1817 1064 orientalem,
1852 1004 2126 1053 habitavit
2155 1017 2188 1053 a
2217 1004 2545 1067 Babyloniis
2576 1005 2741 1069 (Ros.)
2757 1020 2775 1065 ,·
2805 1007 2903 1056 alii
2931 1021 2943 1054 :
2977 1009 3086 1056 im-

434 1092 663 1154 perium
700 1105 875 1142 unum
903 1093 1082 1142 erexit
1119 1092 1243 1142 scil.
1276 1094 1481 1143 collata
1507 1106 1645 1143 voce
1682 1088 1881 1174 ³2:³11?ss
1923 1092 2022 1144 Iob
2065 1092 2257 1154 38,33;
2297 1092 2400 1144 sed
2440 1107 2568 1144 cum
2607 1095 2788 1145 bestia
2825 1096 2898 1144 sit
2925 1099 3087 1159 regni

435 1206 790 1267 symbolum,
824 1207 959 1271 quid
987 1208 1094 1258 sibi
1127 1208 1250 1257 vult
1278 1209 1407 1258 talis
1436 1173 2059 1271 tautologiaiSensum
2087 1209 2206 1262 iere
2235 1211 2575 1261 contrarium
2605 1211 2757 1261 elicit
2784 1212 2930 1262 Hitz.
2965 1227 2982 1261 .·
3013 1213 3083 1263 ad

434 1308 619 1345 unum
640 1296 790 1347 latus
809 1296 1082 1347 inclinata
1098 1297 1254 1347 stetit
1278 1298 1318 1364 i.
1342 1310 1393 1347 e.
1422 1298 1536 1346 iam
1561 1296 1631 1347 ad
1658 1298 1877 1361 lapsum
1900 1311 2079 1362 prona
2108 1304 2250 1349 crat.
2275 1300 2434 1350 Aliae
2458 1313 2685 1364 quoque
2706 1298 2964 1352 teruntur
2983 1314 3081 1351 ex-

433 1385 753 1447 positiones
780 1397 923 1447 quas
948 1383 1157 1435 referre
1192 1398 1307 1435 non
1336 1399 1479 1449 opus
1507 1387 1612 1437 erit
1639 1399 1693 1434 v.
1726 1400 1784 1449 g.
1813 1386 2049 1450 pedibus
2077 1388 2450 1438 anterioribus
2478 1391 2650 1439 stetit.

528 1531 707 1597 Visio
741 1531 941 1617 regni
975 1534 1161 1599 tertii
1198 1534 1258 1599 ei
1292 1533 1571 1599 offertur
1592 1555 1655 1597 v.
1694 1540 1732 1598 6
1769 1561 1801 1594 α
1826 1545 1987 1623 post
2015 1536 2184 1602 llaec
2210 1533 2623 1625 aspiciebam
2663 1550 2726 1602 et
2753 1559 2903 1603 ecce
2939 1538 3082 1603 alia

434 1638 646 1727 quasi
656 1637 918 1726 pardus
948 1650 1012 1705 et
1050 1637 1199 1705 alas
1236 1637 1522 1705 habebat
1558 1641 1762 1728 quasi
1784 1641 1928 1706 avis
1961 1654 2286 1730 quattuor
2312 1664 2516 1731 super
2551 1666 2620 1709 se
2660 1655 2724 1709 et
2757 1629 3111 1732 quattuor-¹

435 1745 671 1833 capita
700 1757 894 1811 erant
921 1746 995 1810 in
1026 1744 1234 1812 bestia
1261 1759 1326 1812 et
1342 1757 1646 1834 potestas
1665 1746 1831 1813 data
1861 1760 1959 1813 est
1982 1748 2049 1813 ei
2078 1775 2109 1808 n
2138 1771 2154 1831 3
2184 1786 2273 1799 —
2291 1749 2550 1838 pardus
2579 1750 2651 1814 in
2681 1749 3083 1840 arripienda

433 1850 701 1940 praeda
730 1849 947 1922 ‚valde
998 1852 1191 1917 velox
1239 1850 1597 1918 celerrimo
1638 1852 1809 1919 saltu
1855 1854 1926 1919 in
1985 1875 2138 1921 eam
2183 1856 2418 1937 irruit;
2466 1857 2535 1921 in
2586 1860 2911 1945 quattuor
2958 1858 3083 1923 alis

436 1958 742 2024 maxima
780 1957 1125 2045 quaedam
1148 1958 1479 2024 velocitas
1518 1982 1656 2048 qua
1699 1959 1931 2026 volatu
1964 1961 2157 2048 quasi
2187 1983 2339 2027 eam
2377 1962 2622 2051 arripit
2649 1962 3074 2047 declaratur;

432 2087 518 2130 ea
555 2064 913 2130 velocitate
952 2065 1092 2130 iam
1138 2064 1378 2132 similis
1426 2071 1525 2131 est
1559 2066 1753 2132 hirco
1796 2066 1916 2155 qui
1969 2067 2288 2133 veniebat
2325 2068 2412 2134 ab
2461 2068 2812 2135 occidente
2873 2090 3078 2159 super

429 2169 682 2236 faciem
714 2175 939 2237 terrae
983 2177 1051 2237 et
1084 2192 1220 2237 non
1260 2171 1592 2257 tangebat
1628 2176 1918 2252 terram,
1957 2172 2076 2261 qui
2116 2174 2333 2259 igitur
2360 2174 2555 2263 quasi
2593 2158 2833 2240 volans
2872 2175 3080 2241 celer-

435 2278 611 2342 rime
663 2280 880 2342 terras
911 2276 1355 2367 perlustravit
1392 2284 1532 2358 8,5.
1582 2282 1800 2354 Quare
1849 2277 2226 2345 similitudo
2271 2281 2476 2347 etiam
2516 2282 2588 2347 in
2624 2303 2706 2348 eo
2749 2286 2879 2364 est,
2913 2282 3077 2370 quia

434 2382 697 2473 pardus
750 2388 1075 2473 quattuor
1113 2386 1369 2473 capita,
1420 2384 1652 2451 hircus
1702 2391 1817 2467 8,8
1846 2389 2194 2473 ‚quattuor
2236 2385 2446 2452 habet
2482 2409 2771 2472 cornua,
2823 2386 3076 2476 quibus

432 2494 598 2569 &22
639 2495 963 2578 quattuor
996 2513 1215 2577 regna
1254 2513 1335 2557 ex
1371 2492 1571 2558 tertio
1611 2512 1827 2578 regno
1866 2491 2215 2559 exoritura
2251 2493 2750 2580 significantur.
2786 2493 3077 2561 Proinde

433 2618 729 2682 regnum
754 2595 1157 2684 designatur
1186 2597 1371 2687 quod
1400 2598 1753 2664 celerrime
1779 2621 1906 2687 per
1929 2599 2169 2665 orbem
2197 2592 2644 2690 propagatur,
2673 2602 2794 2667 sed
2825 2592 2979 2667 mox
3004 2601 3076 2667 in

433 2708 760 2791 quattuor
789 2724 1007 2791 regna
1035 2703 1466 2793 dispescitur.
1498 2709 1639 2771 lam
1666 2727 1831 2773 vero
1858 2728 1984 2795 per
2007 2706 2276 2784 hircum
2309 2728 2603 2792 regnum
2635 2714 3070 2791 Graecorum,

316 2883 322 2892 ¹
431 2830 729 2896 regnum
768 2810 1135 2876 Alexandri
1172 2812 1401 2897 Magni
1438 2809 1839 2896 designatur
1885 2817 2079 2895 8313
2123 2817 2273 2901 post
2315 2814 2458 2879 eius
2487 2819 2776 2881 mortem
2806 2836 2885 2881 ex
2923 2815 3067 2881 eius

433 2915 839 2983 monarchia
868 2921 1192 3004 quattuor
1218 2938 1439 3003 regna
1467 2921 1618 2984 orta
1644 2923 1805 2984 sunt
1836 2940 1852 2985 ε
1888 2919 2231 3004 syriacum
2261 2919 2387 2985 sub
2416 2920 2694 2986 Seleuco
2725 2922 3060 3004 Nicatore,

433 3022 836 3110 aegyptium
875 3023 1001 3090 sub
1042 3024 1424 3090 Ptolemaeo
1463 3025 1661 3110 Lagi,
1698 3023 2217 3092 macedonicum
2252 3024 2379 3092 sub
2424 3025 2830 3108 CassandrO,
2873 3028 3068 3094 thra-

433 3127 657 3193 cicum
695 3128 823 3195 sub
861 3129 1291 3215 Lysimach03
1326 3130 1423 3196 ita
1452 3151 1633 3195 anno
1666 3138 1791 3196 301
1823 3154 1885 3198 a.
1921 3132 2043 3197 Ch.
2086 3135 2418 3208 Quattuor
2448 3134 2673 3221 capita
2703 3139 2777 3198 ut
2808 3154 3067 3199 cornua

432 3240 755 3323 quattuor
778 3236 982 3302 simul
1006 3238 1363 3315 exsistunt;
1400 3238 1616 3322 igitur
1653 3258 1868 3302 unum
1897 3258 2191 3323 regnum
2225 3239 2449 3304 maius
2479 3240 2550 3305 in
2580 3245 2903 3327 quattuor.
2928 3240 3064 3306 dis-

430 3342 762 3430 pertitum
800 3342 887 3408 iri
930 3341 1359 3424 declaratum
1403 3342 1687 3431 insuper
1722 3342 1906 3409 clare
1955 3342 2207 3408 dicitur
2245 3349 2405 3426 &22
2447 3366 2465 3413 ε
2509 3351 2831 3433 quattuor
2868 3368 3066 3433 reges

430 3447 515 3513 de
558 3454 763 3534 gente
820 3449 961 3515 eius
1010 3452 1460 3536 consurgent;
1512 3450 1588 3515 in
1640 3449 1839 3517 hebr.
1887 3463 2212 3539 quattuor
2248 3473 2496 3539 reqna,
2547 3452 2799 3541 quibus
2836 3454 3066 3520 verbis

434 3576 694 3621 cornua
737 3559 1063 3644 quattuor
1091 3556 1258 3644 quid
1298 3556 1428 3622 sibi
1477 3556 1687 3622 velint
1735 3561 1925 3623 vates
1973 3558 2221 3624 certior
2267 3557 2598 3626 redditur.
2636 3564 2865 3649 ltaque
2907 3582 3064 3626 cum

428 3666 622 3728 tanta
648 3664 919 3729 exsistat
959 3661 1363 3744 similitudo,
1403 3663 1869 3729 firmissimam
1909 3663 2117 3730 simul
2154 3664 2491 3731 habemus
2539 3668 2907 3750 rationem,
2943 3689 3066 3734 cur

424 3769 706 3835 tertium
745 3770 879 3835 hoc
926 3791 1216 3855 regnum
1259 3792 1301 3835 a
1332 3770 1610 3835 Daniele
1649 3771 1875 3835 visum
1906 3774 1973 3836 et
2015 3770 2233 3860 pardo
2274 3772 2347 3840 h.
2395 3772 2442 3839 l.
2480 3773 2942 3859 significatum
2988 3775 3062 3843 in

426 3896 650 3960 regno
696 3866 1066 3942 Alexandri
1112 3875 1475 3965 impletum
1519 3898 1661 3942 esse
1706 3898 2112 3944 asseramus.
2156 3917 2243 3928 —
2279 3882 2354 3944 In
2399 3884 2584 3945 textu
2623 3879 2878 3969 pardus
2920 3881 3064 3947 alas

426 3979 638 4047 habet
667 3982 741 4047 in
769 3979 964 4049 dorso
992 4004 1143 4049 suo.
1179 4011 1210 4042 «
1241 3982 1431 4061 Quod
1465 3981 1743 4049 additur
1771 3996 1835 4049 et
1861 3996 2165 4072 potestas
2195 3984 2359 4052 data
2390 3996 2487 4051 est
2517 3986 2582 4051 ei
2607 3987 2901 4053 ostendit
2924 4010 3060 4054 non

424 4087 795 4155 Alexandri
833 4088 1283 4173 fortitudiniS,
1330 4088 1450 4155 sed
1488 4090 1757 4157 Domini
1814 4089 2178 4157 voluntatis
2232 4092 2437 4158 fuisse
2492 4093 2588 4182 (S.
2638 4095 2880 4181 Hz'er.).
2931 4100 3063 4162 Cur

424 4192 811 4261 Alexander
852 4195 1072 4285 pardo
1111 4201 1684 4285 repraesentetur,
1719 4197 1840 4285 qui
1890 4196 2084 4263 leone
2133 4199 2363 4264 minor
2411 4204 2511 4264 est
2559 4222 2878 4291 corpore,
2921 4225 3063 4270 non

420 4299 710 4383 robore,
764 4301 945 4390 pelle
993 4302 1183 4368 'varia
1226 4303 1485 4389 tegitur
1532 4308 1599 4369 et
1646 4304 2156 4392 pernicissimus
2201 4311 2329 4387 est,
2385 4304 2603 4373 Calm.
2650 4308 2938 4397 explicat
2983 4334 3061 4377 ex

422 4407 794 4474 Alexandri
825 4407 1108 4494 ingenio
1139 4410 1370 4495 ignen,
1404 4413 1706 4493 strenuo,
1734 4410 2113 4499 intrepidO,
2150 4433 2229 4476 ex
2272 4413 2452 4478 mira
2497 4413 2642 4479 eius
2688 4416 3053 4503 celeritate,
3095 4409 3100 4423 ’

420 4536 506 4581 ex
554 4514 865 4581 moribus
914 4515 1394 4605 inaequalibus
1442 4524 1508 4583 ct
1554 4517 1820 4603 ingenii
1865 4516 2028 4583 boni
2076 4516 2378 4607 malique
2412 4520 2761 4606 varietate,
2788 4547 2867 4590 ex
2913 4525 3058 4592 eius

419 4625 687 4687 statura
724 4621 898 4687 iusto
938 4623 1206 4689 minore
1237 4621 1569 4713 brevique
1608 4624 1748 4689 vita
1786 4630 1852 4690 et
1883 4623 2198 4713 imperio.
2230 4629 2473 4693 Narrat
2506 4630 2833 4719 Iosephus
2876 4633 3049 4718 (Ant.

425 4732 609 4812 11‚8.
647 4726 716 4817 5)
743 4727 924 4796 hanc
950 4729 1385 4820 prophetiam
1420 4753 1462 4797 a
1492 4732 1822 4821 pontifice
1850 4725 2255 4799 Iudaeorum
2295 4735 2677 4804 Alexandro
2719 4743 3051 4805 ostensam
