3550 5367
235 301 273 359 56
624 314 661 357 aa
682 312 829 359 erasmus
850 314 1155 361 nanraaocsnosmrs.

235 450 388 531 sentiret,
415 448 471 515 sed
496 448 579 538 quid
603 448 660 515 alii
679 454 798 514 contra
825 470 884 514 nos
902 447 1015 516 dicere
1039 450 1196 515 solerent.
1217 455 1307 527 Quae
1325 449 1432 517 dubia
1450 457 1544 541 post-

236 556 376 622 modum
401 578 537 645 quoque
561 557 708 643 repetita
726 561 819 636 sunt,
845 557 893 621 ita
918 555 1072 621 Pererius
1093 557 1296 644 (Commeat.
1323 557 1358 622 in
1378 560 1462 623 Dan.
1488 564 1542 638 13,

235 666 363 729 Romae
388 667 474 729 1587
496 644 529 752 p.
554 667 635 743 185;
659 660 816 747 Lugduni
837 667 923 729 1588
941 685 975 751 p.
997 661 1075 748 785)
1096 667 1210 729 censet
1227 683 1298 730 non
1319 662 1507 731 abhorrere
1524 686 1545 728 a

234 769 300 835 fide
319 769 382 845 has
408 774 572 835 extremas
593 768 748 834 historias
774 766 819 835 ab
836 768 904 834 alio
925 769 1086 857 quopiam
1106 768 1245 855 linguae
1269 790 1414 855 graecae
1434 770 1545 858 perito

235 897 304 949 esse
327 874 468 964 scriptas
492 897 531 941 00
552 882 705 964 tempore
730 898 797 964 000
821 894 906 961 gens
927 873 1063 942 iudaice
1085 874 1149 941 sub
1170 880 1375 943 Graecorum
1399 876 1544 966 imperio

235 982 352 1064 fuerit;
378 980 454 1048 vide
469 981 560 1072 apud
588 982 752 1070 Cornely‚
771 980 897 1049 lutrod.
921 986 949 1047 ll
964 988 983 1047 D
998 1004 1033 1070 p.
1051 987 1132 1064 5118,
1158 982 1218 1047 ubi
1242 983 1346 1049 etiam
1365 983 1465 1065 lahn,
1494 987 1544 1050 ln-

233 1087 321 1155 trod.
339 1089 419 1177 cpit.
437 1111 470 1177 p.
491 1095 567 1168 1111,
584 1087 812 1170 Achemene,
829 1086 957 1154 lutrod.
973 1109 1007 1177 p.
1024 1092 1090 1154 eta
1102 1088 1245 1153 eandem
1260 1089 1461 1155 sententiam
1475 1110 1546 1155 am-

227 1192 348 1283 plexos
371 1214 441 1259 esse
464 1194 619 1261 refertur.
644 1195 753 1260 Etiam
777 1194 952 1260 Cornelius
975 1215 996 1258 a
1020 1192 1147 1282 Lepide
1170 1194 1346 1261 historiam
1372 1199 1546 1262 Sasernae

232 1305 267 1366 et
290 1300 431 1367 alteram
457 1322 591 1390 quoque
617 1300 659 1367 de
678 1302 735 1367 Bel
757 1299 866 1366 videri
891 1299 1313 1390 existimat'oonscriptam
1334 1324 1355 1366 a
1381 1302 1543 1391 quopiam

236 1405 385 1473 Hebraeo
400 1408 458 1495 qui
474 1406 588 1495 paullo
603 1412 677 1495 post
689 1407 921 1497 captivitatem
939 1404 1180 1493 babylonicam
1192 1406 1364 1496 scripserit
1383 1408 1545 1476 chronica

234 1535 293 1578 seu
308 1511 414 1580 diaria
433 1535 552 1599 regum
571 1513 741 1579 Medorum
755 1520 787 1579 et
806 1517 984 1579 Persarum
1003 1512 1063 1601 (ita
1082 1511 1126 1578 ad
1140 1517 1231 1579 Dan.
1247 1520 1353 1597 13‚1).

280 1624 402 1685 Verum
426 1620 453 1685 si
481 1641 540 1685 eae
563 1626 677 1710 partes
700 1618 743 1685 ad
767 1618 940 1685 Danielem
964 1624 1138 1685 auctorem
1159 1620 1349 1707 pertinent,
1373 1620 1545 1710 quomodo

234 1726 360 1792 lactum
378 1731 443 1807 est,
459 1731 496 1792 ut
511 1748 572 1793 suo
585 1732 804 1793 moverentur
820 1726 895 1791 loco
911 1730 944 1791 et
959 1748 998 1791 ex
1016 1730 1109 1791 textu
1123 1724 1274 1792 hebraeo
1289 1727 1428 1793 omnino
1447 1727 1546 1793 deni-

237 1830 1098 1921 000000100001000000000000000000100,
1115 1835 1208 1897 certo
1220 1830 1361 1920 quidem
1375 1834 1476 1899 statui
1485 1822 1553 1900 rae-¹

237 1937 330 2027 quit3
350 1944 386 2005 at
405 1940 551 2006 rationes
571 1938 767 2028 probabiles
786 1938 821 2005 id
835 1937 1026 2027 explicandi
1046 1959 1117 2004 non
1137 1938 1269 2003 desunt.
1293 1943 1412 2005 Censet
1431 1940 1546 2028 itaque

240 2043 401 2111 d’Envieu
425 2044 447 2112 l.
469 2069 498 2112 c.
521 2068 555 2133 p.
584 2050 648 2113 868
674 2067 744 2133 seq.
766 2045 895 2111 librum
914 2049 1070 2135 tempore
1089 2045 1370 2111 llachabaeorum
1394 2044 1548 2111 sollerter

244 2172 314 2217 esse
325 2151 450 2217 lectum
467 2152 558 2218 etad
574 2152 762 2237 legentium
777 2151 995 2218 commodum
1010 2150 1046 2216 in
1056 2149 1247 2216 breviorem
1265 2152 1407 2216 formam
1427 2150 1547 2219 redac-

237 2264 331 2336 tum;
354 2256 401 2323 ita
422 2257 563 2345 longam
589 2257 682 2323 illem
713 2258 901 2324 orationem
922 2278 997 2346 cap.
1020 2262 1039 2321 3
1058 2261 1091 2322 ct
1115 2255 1253 2322 laudem
1272 2278 1342 2322 esse
1370 2258 1544 2339 omissam,

237 2365 366 2453 quippe
388 2386 457 2452 qua
483 2346 633 2430 narratio
664 2363 766 2430 nimis
795 2363 1043 2443 retardaretur3
1070 2361 1246 2429 historiam
1277 2367 1450 2429 Susannae
1477 2384 1546 2429 esse

236 2470 392 2535 omissam
403 2490 552 2558 cumpro
562 2475 715 2558 tempore
726 2470 945 2535 maehabaico
955 2467 1543 2550 nullumexhiberetdocumentum

237 2576 272 2640 in
299 2575 439 2643 historia
460 2576 518 2642 Del
541 2577 687 2666 potuisse
708 2598 746 2642 co
765 2584 918 2665 tempore
932 2576 1106 2641 offensioni
1127 2576 1307 2664 essequod
1326 2573 1443 2641 Daniel
1463 2572 1548 2641 adeo

240 2682 455 2749 familiariter
471 2689 587 2769 ageret
602 2705 680 2749 cum
701 2705 783 2770 rege
807 2682 941 2769 gentili.
958 2687 1107 2769 Hymnos
1128 2682 1164 2747 in
1188 2703 1266 2771 cap.
1286 2688 1306 2747 3
1328 2681 1373 2747 ab
1396 2682 1468 2772 ipso
1484 2687 1547 2748 Da-

238 2790 325 2855 niele
347 2811 416 2856 esse
432 2790 570 2855 omissos
585 2789 751 2856 existimat
766 2789 927 2875 Cornely,
949 2810 1026 2855 cum
1046 2810 1162 2855 versus
1182 2786 1287 2855 finem
1307 2790 1396 2855 vitae
1415 2788 1543 2854 librum

238 2917 337 2961 suum
361 2918 399 2962 ex
418 2896 522 2963 variis
541 2896 793 2964 narrationibus
816 2917 900 2985 quas
927 2902 1026 2961 antea
1046 2896 1114 2961 iam
1139 2896 1261 2961 litteris
1282 2896 1543 2981 consignaverat

238 3007 472 3091 componerem
494 3024 564 3069 esse
586 3007 699 3069 autem
724 3004 863 3069 omissos
890 3003 972 3092 quia
996 3002 1039 3068 ad
1060 2999 1335 3088 magnitudinem
1361 3002 1418 3067 Dei
1438 3002 1547 3087 genti-

241 3109 305 3176 bus
330 3108 629 3176 demonstrandam
657 3108 745 3175 nihil
766 3110 960 3176 conferrent
988 3130 1090 3198 quam
1113 3109 1211 3174 unice
1240 3130 1408 3197 exponere
1431 3108 1548 3175 Daniel

243 3216 357 3282 sibiin
377 3215 444 3282 illis
458 3218 608 3305 quinque
626 3217 881 3283 narrationibus
902 3216 1126 3305 proposuerit.
1145 3215 1322 3280 Historiam
1342 3216 1513 3281 susannae
1528 3235 1549 3278 a

243 3322 374 3387 ludaeis
390 3344 458 3388 esse
471 3322 620 3388 ablatam
635 3328 774 3411 propter
792 3323 1003 3411 vituperium
1020 3321 1113 3410 quod
1128 3321 1302 3387 contineat
1314 3321 1346 3386 in
1367 3342 1463 3387 senes
1475 3342 1548 3387 000-

241 3449 307 3518 que
327 3427 454 3493 iudices
466 3428 661 3493 libidinosos
676 3430 838 3514 Origenes
851 3430 1038 3516 suspicatus
1052 3433 1100 3494 est
1119 3427 1174 3513 (ad
1188 3427 1291 3493 hiric.
1309 3425 1343 3513 9)
1356 3448 1364 3508 ;
1381 3448 1493 3516 neque
1512 3425 1549 3493 id

241 3534 377 3600 videtur
397 3530 644 3623 improbabile,
675 3556 752 3601 cum
778 3536 868 3601 0110
898 3539 989 3600 textu
1014 3534 1311 3601 massorethiooet
1334 3534 1369 3600 10
1393 3532 1548 3600 versione

248 3662 371 3727 graeca
387 3640 481 3707 nullo
497 3640 597 3707 modo
611 3641 647 3706 in
664 3642 767 3706 variis
782 3640 879 3706 libris
893 3639 1003 3707 desint
1021 3642 1166 3726 vestigia
1186 3642 1282 3706 varia
1300 3662 1369 3706 esse
1387 3643 1550 3706 attentata

245 3755 281 3814 01
295 3770 383 3837 0000
400 3748 572 3813 offensioni
589 3751 699 3813 essent
713 3746 767 3813 vel
786 3747 1027 3833 mitigarentur
1043 3747 1096 3813 vel
1111 3752 1380 3813 removerentur.
1402 3747 1550 3831 Longius

241 3942 761 3951 ..ιι-*Μ

242 4078 311 4127 0100
324 4082 349 4127 01
364 4076 546 4141 Apollinarium
557 4076 602 4139 qui
615 4075 703 4125 multis
715 4090 835 4125 versuum
846 4076 959 4127 millibus
970 4076 1041 4127 illius
1051 4075 1166 4125 vesaniae
1177 4073 1370 4139 responderunt,
1379 4088 1419 4125 mc
1430 4086 1552 4125 accusare

242 4157 336 4221 poterit
352 4169 432 4221 quare
447 4170 497 4205 000
517 4156 542 4205 10
563 4154 768 4219 praefatiuncula
782 4162 870 4205 contra
886 4157 964 4207 libros
978 4156 1112 4222 Porphyrii
1130 4154 1277 4219 scripserim
1291 4174 1303 4198 υ
1316 4155 1361 4217 (Μ.
1382 4155 1487 4213 mass).
1501 4155 1552 4203 110-

241 4250 291 4301 000
305 4236 363 4299 quis
378 4237 431 4285 iure
446 4236 541 4285 aliendi
555 4238 641 4299 potest
654 4236 674 4285 si
690 4234 790 4286 fabulas
804 4240 879 4286 vocat
894 4251 914 4287 s.
925 4237 1031 4299 (10010ος
1048 4236 1132 4287 100010
1145 4240 1184 4284 est
1199 4235 1267 4284 enim
1283 4248 1324 4285 res
1338 4234 1432 4297 passim
1446 4232 1552 4297 vulgata

241 4318 295 4367 sive
310 4330 368 4365 vera
380 4318 433 4365 sivc
447 4315 523 4377 l'alsa;
539 4316 574 4366 ila
585 4318 610 4366 S.
628 4315 1059 4380 11100000000011001000110000
1075 4315 1203 4367 samsonis
1217 4313 1317 4374 fabula3
1334 4315 1371 4363 110
1382 4326 1464 4363 serino
1478 4313 1507 4363 tit
1519 4312 1553 4364 de

242 4395 407 4445 famosissima
420 4394 462 4443 11Ιο
477 4393 563 4445 sabula
574 4396 638 4445 Loth
652 4394 694 4458 (cl.
709 4397 745 4445 Μ.
763 4397 868 4461 83,169).
881 4395 931 4445 Sed
950 4396 975 4444 in
991 4393 1108 4444 rerslone
1122 4406 1169 4445 sus
1182 4395 1209 4444 S.
1224 4393 1398 4457 Hieronymus
1409 4392 1552 4455 fragments

242 4477 304 4525 haec
316 4488 379 4524 veru
392 4478 524 4523 00100001
534 4480 559 4523 01
578 4488 630 4537 000
647 4479 732 4525 urente
745 4474 770 4524 id
789 4476 800 4524 1
801 4475 892 4532 ccerit.
908 4476 971 4524 satis
983 4474 1097 4523 declarat
1112 4473 1225 4523 scribens
1239 4473 1265 4521 10
1283 4471 1438 4536 praelatione
1451 4471 1484 4521 ad
1498 4474 1552 4520 Da-

243 4556 335 4605 nielem
349 4572 355 4604 :
374 4566 460 4617 equas
471 4553 587 4616 01000100)
603 4569 649 4604 nos
661 4554 722 4617 0010
735 4555 761 4603 10
774 4560 829 4605 1010
846 4554 908 4604 orbe
919 4554 1044 4618 dispersae
1058 4557 1118 4604 sunt
1130 4567 1193 4603 vern
1207 4554 1351 4616 anteposito
1361 4564 1459 4615 000000
1471 4553 1552 4612 1000-

243 4638 318 4687 10010
332 4633 484 4685 subiecimus
495 4652 517 4683 ν.
533 4634 660 4683 lacedem
676 4634 829 4698 praefatione
843 4634 932 4684 scribit
946 4634 978 4683 dc
993 4634 1082 4683 multis
1098 4632 1150 4683 illis
1166 4647 1285 4681 versuum
1302 4631 1414 4681 millibus
1428 4629 1553 4680 uersauit

241 4715 344 4766 Euschii
359 4719 384 4764 et
400 4712 565 4777 apollinarii:
583 4732 594 4755 ιι
612 4714 696 4763 sessio
711 4728 741 4763 an
756 4714 855 4764 curioso
870 4714 961 4764 lectori
975 4713 1143 4764 satisfecerint
1155 4733 1175 4762 n.
