3550 5367
206 5 214 10 '
247 3 622 66 '‘TWF‘*⁴7
656 3 668 29 ’Δ
811 5 814 8 ’

336 47 408 78 ms,
483 36 573 74 ,27
650 34 656 73 J
726 34 727 37 ’

320 78 358 96 ⁷,
405 75 414 87 .,

1419 299 1424 303 ’
1477 335 1633 393 DAN.
1679 336 1740 405 3,
1788 335 1975 394 22-24
2924 336 3035 394 113

409 503 542 570 qua
580 482 954 571 explicetur
995 483 1160 572 quid
1198 483 1416 551 tribus
1465 483 1598 549 illis
1637 484 2031 550 nominibus
2077 485 2465 573 peregrinis
2510 475 3035 570 intelligendum

407 586 512 653 sit.

492 697 583 759 Ex
628 695 812 781 regis
850 694 1176 763 mandato
1220 696 1459 764 fornax
1501 698 1792 762 nimium
1829 696 2400 775 succendebatur;
2444 718 2654 785 quare
2693 698 2862 763 ostio
2894 698 3034 763 for-

406 799 594 866 nacis
617 806 855 889 aperto
889 801 940 867 ii
978 802 1296 891 peribant
1333 802 1629 869 ambusti
1654 803 1946 869 flammis
1979 805 2045 869 vi
2076 804 2592 893 erumpentibus
2612 804 2730 892 qui
2759 805 3037 870 iuvenes

404 906 475 970 in
495 906 848 974 fornacem
872 908 1446 998 proiiciebant;V.
1479 915 1564 975 22
1590 938 1622 971 «
1657 931 1820 975 nam
1854 908 2057 976 iussio
2086 911 2259 999 reqis
2291 910 2603 999 urqebat,
2630 911 2886 1002 fornax
2914 933 3035 976 au-

407 1024 532 1078 tem
575 1035 897 1080 succensa
929 1027 1077 1081 erat
1117 1014 1318 1081 nimis
1327 1036 1359 1098 ;
1371 1037 1586 1114 porro
1617 1015 1793 1081 viros
1824 1014 1977 1081 illos
2014 1017 2141 1105 qui
2169 1017 2498 1082 miserant
2535 1015 2864 1099 Sidraclz,
2902 1019 3031 1082 Me·-

400 1120 558 1185 sach
582 1132 648 1186 et
671 1119 1395 1210 Abdenaqozbzterfecz't
1416 1122 1708 1210 flamma
1725 1122 1938 1211 z'qnz's;
1959 1145 2024 1191 v,
2047 1129 2130 1189 23
2156 1123 2287 1188 viri
2300 1135 2530 1189 autem
2547 1123 2624 1190 ln·
2640 1134 2796 1203 trae,
2819 1123 2897 1188 id
2914 1135 3030 1205 est,

403 1226 717 1311 Sidrach,
750 1227 1013 1294 Misaclz
1043 1240 1109 1293 et
1135 1227 1504 1317 Abdenaqo
1537 1228 1922 1295 ceciderunt
1948 1229 2019 1295 in
2051 1228 2273 1296 medio
2301 1231 2565 1296 came'no
2596 1229 2773 1319 iqnis
2798 1229 3035 1296 arden-

405 1333 482 1398 tis
521 1332 830 1422 colliqatz'
867 1362 897 1395 ›>
924 1357 939 1417 3
969 1374 1058 1383 -—
1094 1339 1350 1401 textum
1383 1335 1646 1425 explica
1676 1358 1742 1401 v,
1783 1342 1869 1402 22
1913 1359 1928 1400 :
1982 1342 2350 1427 propterea
2392 1337 2553 1426 quia
2599 1338 2808 1402 iussio
2857 1337 3036 1423 regis

401 1440 694 1507 instabat
718 1463 948 1507 severe
973 1440 1267 1531 ideoque
1294 1440 1537 1507 fornax
1561 1464 1889 1508 succensa
1914 1448 2059 1507 erat
2086 1443 2289 1508 nimis
2308 1494 2322 1523 ‚
2356 1443 2540 1508 viros
2563 1442 2713 1508 illos
2751 1443 3034 1509 interfe-

402 1547 490 1613 cit
526 1546 806 1613 flamma
844 1548 1048 1633 ignis.
1088 1553 1231 1625 Qua
1259 1570 1332 1613 re
1374 1554 1440 1613 et
1473 1548 1776 1614 incendii
1808 1551 1906 1614 vis
1937 1549 2269 1615 immensa
2297 1547 2804 1616 demonstratur
2830 1555 2896 1615 et
2922 1551 3031 1615 in-

401 1652 754 1720 columitas
794 1655 1117 1720 iuvenum
1158 1654 1360 1721 modo
1393 1655 1686 1721 maxime
1714 1654 2012 1721 mirabili
2051 1655 2454 1724 illustratur.
2488 1659 2787 1722 —Notat
2817 1657 2976 1746 Hep.
3008 1679 3029 1723 .·

407 1789 435 1819 «
469 1766 605 1826 tres
644 1761 844 1850 pueri
890 1761 1275 1850 exemplum
1324 1761 1643 1828 omnibus
1686 1762 2087 1829 hominibus
2124 1761 2440 1829 fidelibus
2486 1767 2676 1843 sunt,
2733 1762 2853 1851 qui
2890 1785 3029 1828 non

397 1866 670 1933 turbam
693 1872 1121 1956 satraparum
1143 1868 1523 1935 timuerunt
1543 1889 1762 1956 neque
1783 1868 1968 1953 regis
1988 1867 2214 1934 edicta
2232 1868 2585 1935 audientes
2604 1874 3032 1935 tremuerunt

400 1994 618 2062 neque
663 1975 897 2060 ignem
930 1974 1225 2040 fornacis
1259 1973 1563 2040 ardentis
1592 1973 1895 2040 videntes
1920 1974 2288 2040 formidine
2320 1976 2502 2064 capti
2529 1981 2708 2057 sunt,
2741 1973 2859 2040 sed
2889 1997 3030 2040 om—

399 2101 512 2145 nes
561 2080 877 2146 homines
930 2086 995 2146 et
1054 2081 1452 2146 universum
1511 2080 1845 2146 mundum
1911 2085 2463 2170 contempserunt
2529 2081 2842 2147 timorem
2904 2081 3021 2146 Dei

397 2185 820 2253 solummodo
853 2208 1019 2274 prae
1050 2186 1263 2253 oculis
1289 2187 1620 2252 habentes
1659 2213 1717 2252 ».

1197 2414 1245 2471 ο)
1286 2412 1521 2465 oratio
1558 2413 1846 2465 azariae
1885 2411 1949 2477 3,
1989 2374 2228 2464 24-45.
2723 2464 2741 2499 ι

483 2602 555 2663 In
584 2600 767 2663 textu
798 2619 967 2664 maa.
997 2599 1222 2663 statim
1255 2597 1560 2686 sequitur
1585 2597 1656 2662 id
1688 2596 1869 2685 quod
1911 2597 1981 2662 in
2013 2618 2262 2683 graeco
2302 2601 2369 2662 et
2397 2598 2469 2663 in
2505 2597 2690 2686 vulq.
2732 2597 3027 2664 habetur

396 2726 457 2770 v,
496 2708 577 2769 91
611 2725 752 2793 seq.
797 2709 1012 2771 :tunc
1055 2702 1671 2770 Nabuchodonosor
1717 2725 1835 2768 rex
1881 2703 2230 2793 obstupuit
2278 2684 2344 2769 el
2396 2705 2684 2770 surrexit
2735 2727 3026 2794 propere

393 2816 457 2875 et
492 2811 591 2876 ait
625 2809 1068 2900 optimatibus
1109 2809 1247 2875 suis
1286 2815 1452 2891 etc.;
1493 2832 1731 2876 verum
1776 2809 1876 2875 ibi
1906 2811 2150 2875 vitium
2191 2814 2411 2894 textus
2452 2816 2520 2876 et
2550 2810 2866 2876 lacunam
2911 2810 3024 2878 de-

391 2915 729 3005 prehendi
770 2916 1201 2983 manifestum
1244 2917 1398 2982 est-¹.
1445 2920 1611 2982 Nam
1642 2923 1996 2982 narratum
2037 2921 2134 2982 est
2174 2938 2283 2982 eos
2312 2917 2666 3003 colligatos
2693 2917 2763 2982 in
2794 2919 3022 2984 forna-

395 3045 538 3089 cem
568 3045 710 3089 esse
741 3023 1059 3101 iniectos;
1094 3023 1267 3088 nihil
1291 3022 1555 3088 dictum
1586 3029 1684 3088 est
1715 3022 1798 3087 de
1834 3044 2074 3088 eorum
2100 3022 2169 3088 in
2199 3025 2360 3107 igne
2391 3023 2855 3089 incolumitate
2874 3077 2889 3102 ‚
2919 3026 3022 3090 ni-

391 3129 595 3195 hilde
617 3129 866 3215 angelo
898 3150 1053 3195 cum
1076 3129 1169 3195 eis
1193 3128 1588 3194 ambulante
1611 3183 1625 3210 ,
1653 3133 1717 3194 et
1737 3134 1965 3194 tamen
1996 3129 2165 3194 haec
2187 3128 2416 3195 omnia
2445 3129 2742 3217 supponi
2769 3127 3023 3196 dehent

392 3240 462 3301 ut
500 3237 681 3322 regis
712 3235 1077 3302 admiratio
1116 3239 1182 3299 et
1205 3255 1428 3300 sermo
1465 3233 1757 3319 intelligi
1784 3235 2014 3323 possit.
2063 3233 2135 3299 ld
2166 3239 2394 3300 autem
2427 3234 2609 3322 quod
2643 3237 3020 3302 necessario

390 3343 736 3430 praemitti
777 3342 1014 3422 debet,
1060 3341 1316 3427 legitur
1354 3339 1539 3429 apud
1574 3345 1753 3420 LXX,
1794 3339 2360 3420 Theodotionem;
2401 3362 2612 3429 quare
2652 3363 2804 3407 cum
2837 3343 3021 3432 apud

391 3449 714 3516 Theodot.
750 3449 1113 3529 habeatur,
1155 3449 1364 3514 etiam
1403 3447 1547 3512 eius
1579 3451 1886 3536 tempore
1921 3447 1993 3512 in
2030 3450 2216 3513 textu
2249 3447 2662 3535 primigenio
2694 3450 3020 3515 exstitisse

389 3556 766 3623 conficitur.
804 3560 864 3621 Is
903 3555 1086 3621 enim
1124 3553 1381 3619 librum
1418 3554 1619 3619 vertit
1645 3575 1726 3617 ex
1762 3552 1963 3618 hebr.
1999 3557 2065 3618 et
2103 3553 2478 3632 aramaico;
2513 3553 2586 3619 id
2624 3554 2811 3642 quod
2845 3562 2911 3620 et
2949 3555 3019 3619 in

389 3664 781 3728 universum
809 3666 1066 3728 constat
1099 3665 1163 3727 et
1196 3660 1477 3750 speciali
1505 3660 1762 3726 ratione
1800 3683 1927 3748 pro
1968 3660 2098 3726 hac
2125 3665 2317 3749 parte
2350 3660 2566 3727 elucet
2592 3660 2753 3749 quia
2782 3660 3019 3727 eadem

389 3774 484 3835 est
527 3791 706 3857 quae
758 3769 832 3834 in
879 3768 1029 3834 aliis
1076 3765 1453 3834 similitudo
1496 3788 1576 3832 ac
1621 3764 2104 3832 dissimilitudo
2151 3765 2680 3832 Theodotionem
2735 3768 2911 3832 inter
2955 3775 3018 3833 et

386 3875 824 3963 interpretem
868 3874 1386 3941 alexandrinum
1430 3872 1538 3957 (cf.
1582 3857 1900 3962 Cornelis,
1940 3873 2194 3940 Introd.
2231 3877 2283 3938 11
2325 3880 2364 3937 2
2395 3896 2464 3962 p.
2511 3879 2671 3952 500;
2716 3879 3016 3938 ceterum

387 3980 539 4047 vide
571 3981 899 4070 Proleg.).
945 3987 1166 4059 Quare
1205 3979 1390 4070 quod
1424 3980 1572 4069 ipsa
1597 3980 2009 4046 narrationis
2039 3978 2211 4070 serie
2242 3980 2558 4064 exigitur,
2592 3978 2799 4043 etiam
2830 3980 3015 4045 testi-

389 4089 616 4155 monio
670 4089 1073 4174 gravissimo
1121 4086 1633 4176 comprobatur.
1681 4087 1871 4154 Unde
1926 4086 2169 4152 merito
2219 4084 2655 4151 asserendum
2714 4091 2808 4150 est
2863 4109 3015 4153 ora-

383 4196 635 4261 tionem
677 4195 1004 4260 iuvenum
1040 4193 1128 4260 ad
1168 4198 1424 4261 textum
1458 4192 1954 4282 primigenium
1992 4192 2359 4280 pertinere.

476 4331 508 4363 α
546 4302 813 4369 Grande
862 4300 1312 4381 miraculum,
1356 4300 1552 4385 ligati
1602 4301 1970 4364 mittuntur
2012 4298 2088 4363 in
2140 4299 2485 4363 fornacem
2538 4303 2605 4362 et
2648 4298 2898 4365 cadunt
2943 4301 3016 4365 in

382 4408 687 4476 medium
718 4407 902 4494 ignis
941 4406 1376 4497 praecipites;
1415 4405 1658 4471 ardent
1685 4405 1961 4470 vincula
1999 4404 2249 4493 quibus
2281 4405 2473 4490 ligati
2521 4411 2677 4472 sunt
2715 4409 2780 4472 et
2828 4408 3015 4472 vinc-

444 4690 487 4734 1.
523 4683 902 4734 Rosenmiiller
929 4699 946 4733 .·
979 4703 1003 4729 α
1035 4696 1154 4733 sane
1186 4682 1235 4732 in
1257 4681 1545 4741 chaldaicis,
1574 4681 1649 4730 uti
1681 4695 1818 4730 nunc
1849 4680 2119 4739 habentur,
2146 4693 2194 4728 r.
2225 4683 2283 4729 23
2313 4683 2361 4729 et
2388 4685 2443 4730 24
2474 4695 2574 4731 non
2600 4681 2721 4732 bene
2746 4682 3017 4732 cohaerere

379 4762 562 4827 legenti
582 4767 791 4833 apparet
815 4780 858 4813 ι).

1524 4854 1735 4901 Damnat..
1774 4879 1835 4887 —-
1869 4856 1913 4901 8.
