3550 5367
532 302 607 361 82
1607 301 1767 358 DAN.
1814 300 1873 370 2,
1921 299 2105 358 12--13

530 449 1028 540 profitebantur
1059 470 1129 515 se
1169 471 1249 514 ex
1286 447 1585 515 siderum
1622 448 2041 538 inspectione
2084 452 2149 512 et
2181 469 2267 514 ex
2307 448 2535 534 magia
2562 469 2755 514 nosse
2793 448 3058 514 occulta
3091 454 3156 514 et

528 558 790 623 futuros
825 578 1055 622 rerum
1084 559 1366 621 eventus
1392 554 1596 620 etiam
1632 555 1918 637 liberos;
1949 575 2086 620 non
2112 554 2295 620 enim
2332 555 2623 620 iniustus
2646 558 2745 620 est
2770 555 2890 644 qui
2927 578 2969 620 a
3002 577 3156 643 pro·

526 664 772 729 fessore
802 662 1013 750 exigit
1037 661 1338 750 idipsum
1370 660 1554 750 quod
1588 661 1953 749 profitetur
1987 688 2046 725 ».

617 775 688 836 V.
739 777 818 836 1-2
863 798 893 829 «
933 790 1066 857 quo
1097 766 1334 833 audito
1366 790 1488 833 rea:
1516 768 1587 833 in
1607 767 1848 854 surore
1877 779 1945 833 et
1977 768 2048 832 in
2083 767 2186 833 ira
2214 789 2468 854 maqna
2492 767 2840 856 praecepit
2873 779 2952 832 ut
2965 766 3153 856 peri-

527 889 677 943 rent
704 897 930 941 omnes
957 875 1291 964 sapientes
1332 873 1737 962 Babylom's,·
1786 897 1849 965 v,
1896 881 1977 941 13
2023 885 2087 939 et
2134 895 2400 964 eqressa
2451 873 2782 939 sententia
2820 871 3156 963 sapientes

525 981 1132 1071 interficiebantur,
1160 979 1794 1071 quaerebanturque
1822 979 2067 1046 Dcmz'el
2091 992 2158 1046 et
2182 981 2352 1047 socii
2374 980 2516 1046 eius
2538 993 2615 1045 ut
2632 981 2942 1069 perirent
2966 999 3034 1057 »ς
3064 1019 3156 1031 .-

526 1089 787 1178 explica
815 1086 1395 1177 interficiebantur
1434 1088 1782 1177 (particip.
1817 1087 2040 1176 hithp.
2070 1089 2145 1153 in
2178 1087 2390 1176 textu)
2416 1075 2604 1153 ineo
2630 1091 2807 1168 erat,
2838 1093 2913 1153 ut
2939 1089 3153 1153 inter-

525 1197 924 1276 ficerentur;
956 1195 1094 1260 iam
1131 1193 1559 1284 incipiebant
1595 1195 1779 1279 regis
1809 1194 2103 1260 ministri
2145 1185 2550 1260 sententiam
2589 1194 2796 1259 latam
2839 1196 3145 1282 exsequi;

525 1324 738 1390 quare
787 1323 1026 1387 magos
1062 1300 1180 1389 qui
1228 1304 1407 1366 certe
1452 1301 1643 1367 omni
1686 1298 1890 1366 modo
1939 1300 2325 1390 periculum
2374 1300 2678 1386 effugere
2725 1298 3154 1367 conabantur

526 1429 665 1474 sese
709 1408 1126 1474 occultantes
1170 1406 1629 1495 undequaque
1662 1406 1754 1473 ad
1802 1427 2041 1473 necem
2081 1405 2600 1495 conquirebant.
2636 1407 2741 1472 Uti
2774 1407 3010 1473 Daniel
3045 1407 3150 1473 in-

524 1514 760 1581 ducias
788 1516 957 1604 petit
1004 1519 1070 1580 et
1116 1515 1438 1603 impetrat
1476 1535 1540 1579 v.
1593 1519 1698 1592 16,
1743 1512 1841 1578 ita
1888 1513 2131 1579 merito
2164 1514 2602 1602 supposueris
2644 1514 2846 1579 etiam
2888 1534 3145 1599 magOS,

526 1627 897 1711 antequam
941 1620 1221 1686 demum
1265 1619 1414 1706 regi
1451 1625 1684 1708 aperte
1733 1620 2112 1685 faterentur
2156 1642 2225 1686 se
2274 1619 2464 1685 nullo
2505 1618 2707 1685 modo
2748 1619 3150 1686 mandatum

524 1729 705 1814 regis
749 1749 943 1817 posse
977 1726 1285 1815 exsequi,
1317 1723 1982 1792 inducias'habuisse
2016 1725 2264 1815 quibus
2309 1747 2454 1791 rem
2504 1725 2804 1792 enodare
2852 1733 3153 1793 tentave—

527 1834 664 1900 rint
692 1833 953 1900 artibus
992 1833 1303 1918 magicis,
1333 1831 1520 1899 Unde
1559 1833 1632 1898 in
1667 1831 2223 1899 antecedentibus
2249 1853 2397 1898 rem
2447 1837 2710 1919 gestam
2751 1832 3055 1900 breviter
3083 1840 3152 1899 et

524 1941 743 2007 solum
774 1940 1165 2006 summatim
1198 1938 1492 2006 describi
1515 1939 1667 2005 iure
1697 1939 2213 2006 existimaveris

614 2051 755 2118 Iam
785 2067 1113 2134 quaerere
1143 2048 1439 2135 oportet,
1475 2051 1708 2111 utrum
1753 2068 1869 2111 rex
1910 2044 2156 2112 somnii
2194 2046 2298 2111 sui
2342 2045 2594 2113 oblitus
2637 2046 2720 2112 sit
2756 2068 2995 2114 necne.
3030 2052 3148 2114 Se-

521 2152 824 2219 cundum
855 2153 1200 2219 versiones
1243 2172 1526 2238 graecas
1558 2156 1621 2217 et
1655 2153 1941 2217 latinam
1986 2151 2055 2217 id
2095 2151 2374 2241 quidem
2418 2152 2785 2219 indubium
2826 2152 3143 2223 videtur:

523 2264 590 2325 et
618 2259 956 2326 somnium
1003 2258 1145 2325 eius
1192 2259 1370 2344 fugit
1412 2258 1501 2325 ab
1550 2281 1629 2324 eo
1661 2281 1726 2324 V.
1771 2265 1841 2339 1;
1876 2258 2125 2346 ignoro
2163 2259 2333 2348 quid
2380 2259 2669 2325 viderim
2705 2281 2771 2326 ν.
2806 2267 2887 2341 3;
2928 2282 3151 2327 sermo

524 2366 794 2434 recessit
817 2389 859 2430 a
884 2386 993 2430 me
1023 2387 1089 2431 v,
1129 2373 1196 2431 5.
1231 2369 1296 2431 8.
1336 2368 1416 2430 At
1447 2387 1525 2429 ex
1555 2365 1704 2452 ipso
1743 2368 1928 2431 textu
1954 2363 2284 2450 originali
2309 2367 2380 2431 in
2411 2365 2725 2433 omnibus
2752 2364 2932 2432 hisce
2956 2366 3145 2447 lociS‚

525 2474 622 2538 uti
662 2471 980 2551 vidimuS,
1017 2493 1153 2537 non
1189 2470 1479 2536 edicitur
1515 2491 1751 2556 regem
1792 2471 2084 2537 oblitum
2109 2493 2249 2537 esse
2287 2473 2556 2538 somnii.
2593 2476 2810 2550 Quare
2845 2479 3000 2540 sunt
3031 2472 3149 2562 qui

523 2582 843 2644 censeant
868 2599 1106 2662 regem
1135 2577 1388 2666 optime
1420 2576 1701 2664 quidem
1732 2577 1984 2642 somnii
2022 2577 2248 2644 habiti
2275 2577 2407 2644 sibi
2439 2579 2781 2644 conscium
2807 2579 3012 2646 fuisse
3033 2633 3047 2659 ,
3081 2585 3153 2645 at

523 2685 731 2751 fidem
776 2690 842 2748 et
891 2688 1111 2750 artem
1161 2703 1524 2768 magorum
1571 2683 1926 2771 explorare
1974 2684 2264 2749 voluisse
2323 2684 2544 2772 (Rolzl.
2597 2683 2808 2772 Kez'l);
2860 2685 3148 2775 ideoque

523 2790 935 2857 oblivionem
996 2788 1380 2871 simulasse,
1433 2794 1509 2854 ut
1556 2812 1638 2854 ea
1694 2789 1965 2855 ratione
2012 2789 2425 2875 intelligeret
2486 2813 2573 2857 an
2633 2791 2956 2858 Chaldaei
3004 2799 3149 2859 arte

524 2897 915 2963 inveniendi
950 2895 1211 2962 occulta
1254 2917 1412 2961 vere
1440 2896 1778 2984 pollerent
1816 2894 1939 2983 (ita
1967 2895 2349 2962 existimant
2387 2896 2601 2986 aliqui
2648 2897 2924 2964 rabbini
2962 2900 3150 2988 apud

525 3001 737 3070 Mald.
787 3005 855 3068 et
907 2999 1441 3091 Henqstenberq,
1484 2998 1960 3091 Haeremz'ck).
2013 3006 2280 3068 Veteres
2332 3007 2399 3067 et
2443 3004 2649 3070 etiam
2697 3005 3149 3071 recentiorum

525 3110 722 3176 multi
753 3107 1006 3197 (Calm.
1061 3108 1475 3197 Vz‘qourouoe,
1509 3106 1812 3189 Kaulen,
1853 3107 2172 3197 Cornely)
2203 3130 2440 3196 regem
2480 3109 2772 3176 oblitum
2811 3133 2950 3177 esse
2990 3134 3151 3178 cen-

524 3223 696 3295 sent,
727 3216 841 3282 alii
873 3215 1109 3303 (Loclz)
1149 3237 1295 3281 rem
1318 3216 1391 3280 in
1433 3214 1657 3280 medio
1689 3215 2112 3303 relinquunt.
2148 3215 2221 3280 ld
2251 3215 2677 3304 probabilius
2704 3218 2909 3283 asseri
2936 3223 3152 3306 potest

525 3324 711 3412 quod
743 3324 815 3390 S.
849 3321 1040 3388 Hier.
1071 3321 1236 3389 dicit
1273 3342 1288 3389 :
1327 3349 1357 3382 «
1404 3322 1651 3387 umbra
1688 3320 2027 3410 quaedam
2065 3326 2132 3387 et
2174 3327 2246 3387 ut
2291 3324 2389 3388 ita
2434 3322 2657 3389 dicam
2696 3345 2863 3390 aura
2902 3327 3148 3391 somnii

525 3438 729 3517 atque
765 3428 1130 3513 vestigium
1175 3428 1500 3494 remansit
1527 3429 1600 3493 in
1633 3426 1838 3494 corde
1882 3428 2097 3514 regiS‚
2131 3435 2206 3494 ut
2253 3429 2699 3496 referentibus
2746 3430 2900 3497 aliis
2945 3432 3152 3520 possit

526 3535 868 3601 reminisci
898 3555 1136 3599 eorum
1165 3555 1339 3621 quae
1370 3535 1634 3600 viderat
1661 3540 1724 3599 et
1749 3556 2187 3623 nequaquam
2219 3557 2376 3601 eum
2403 3535 2792 3625 deciperent
2823 3537 3147 3604 mentien-

524 3650 625 3708 tes
667 3660 735 3720 »3
774 3643 868 3708 ita
906 3661 1180 3729 quoque
1229 3661 1374 3705 rem
1418 3640 1817 3729 concipiunt
1846 3643 2088 3706 Petrus
2132 3642 2658 3708 archidiaconus
2690 3642 3148 3732 (quaestiones

530 3750 600 3814 in
638 3746 1018 3825 Danielem,
1065 3747 1158 3811 M.
1211 3745 1533 3834 96,13ῐι8)
1583 3745 1798 3812 Mald.
1846 3749 1917 3813 Z.
1961 3746 2241 3836 aliique.
2289 3753 2504 3837 Atque
2563 3747 2728 3815 huic
2771 3752 3147 3840 acceptioni

527 3855 843 3922 standum
888 3874 1026 3919 esse
1067 3851 1397 3916 existimo.
1433 3855 1524 3917 Ea
1563 3852 1744 3917 enim
1786 3851 2138 3934 facillime,
2170 3855 2382 3921 immo
2426 3857 2817 3922 necessitate
2849 3857 3148 3946 quadam

526 3963 780 4028 factum
829 3981 965 4027 esse
1007 3957 1411 4046 explicatur,
1447 3963 1524 4022 ut
1566 3980 1681 4025 rex
1737 3958 1827 4024 ad
1884 3961 2406 4048 postulationem
2449 3984 2725 4052 prorsus
2765 3963 3146 4031 inauditam

528 4067 1049 4156 propelleretur.
1070 4063 1138 4130 Si
1159 4063 1408 4131 dixeris
1436 4086 1666 4151 regem
1695 4087 1822 4154 pro
1845 4065 2064 4132 lubitu
2095 4067 2200 4132 vel
2225 4068 2586 4154 tyrannide
2605 4070 2942 4157 perfracte
2958 4071 3150 4139 insti-

529 4175 717 4253 tisse,
758 4178 833 4238 ut
862 4170 1043 4261 quod
1074 4171 1219 4260 ipse
1260 4171 1515 4262 optime
1561 4172 1764 4237 sciret
1805 4172 1935 4238 sibi
1979 4196 2019 4238 a
2062 4173 2282 4259 magis
2323 4174 2764 4263 panderetur,
2799 4198 2945 4242 rem
2979 4177 3148 4246 dicis

528 4301 703 4367 quae
740 4280 974 4367 utique
1001 4280 1400 4364 contingere
1427 4277 1709 4344 fortasse
1740 4281 1995 4368 potuit;
2030 4280 2149 4346 sed
2174 4281 2230 4345 si
2259 4283 2692 4369 supposueris
2725 4304 2882 4348 eum
2917 4305 3145 4351 recor-

529 4386 764 4451 datum
813 4407 955 4451 esse
985 4407 1054 4450 se
1089 4383 1352 4473 aliquid
1396 4387 1679 4451 monstri
1717 4387 2232 4474 portentosique
2278 4386 2641 4455 somniasse
2693 4389 2876 4477 quod
2916 4395 3145 4458 tamen

528 4497 836 4560 accurate
887 4493 956 4558 in
1001 4491 1399 4558 memoriam
1448 4514 1766 4559 revocare
1823 4493 1959 4559 iam
2009 4515 2147 4559 non
2198 4499 2453 4583 posset,
2493 4495 2690 4562 facile
2740 4497 3139 4587 explicatur,

528 4624 664 4690 qua
701 4600 957 4665 ratione
992 4597 1080 4664 ad
1117 4598 1306 4665 illam
1337 4599 1862 4687 postulationem
1891 4601 1977 4666 sit
2005 4599 2353 4682 inductus3
2383 4602 2595 4669 immo
2634 4626 2712 4669 ex
2753 4604 2873 4670 tali
2902 4606 3143 4673 mentis

528 4712 702 4775 statu
741 4728 820 4773 ea
849 4705 1226 4773 necessario
1256 4705 1418 4771 oriri
1443 4705 1766 4790 debebat,
1799 4728 1952 4773 cum
1983 4729 2144 4775 sane
2175 4709 2468 4776 maxime
2500 4715 2670 4777 esset
2706 4711 3032 4778 sollicitus
3070 4719 3145 4779 ut
