3550 5367
711 298 790 356 Dan.
814 298 844 367 6,
866 297 965 355 etr-ro
1438 294 1496 353 185

224 445 304 512 Dein
333 466 391 510 rex
422 450 554 511 exercet
572 443 717 511 talionis
742 468 910 535 poenam;
940 468 977 511 re
1002 446 1095 510 enim
1125 443 1299 533 explorata
1331 442 1499 509 intellexit

177 542 334 618 inimicos
342 550 490 617 Danielis
504 557 538 617 et
555 551 691 617 invidos
704 552 770 618 sibi
782 553 999 641 imposuisse,
1016 551 1130 617 dolose
1145 550 1294 617 edictum
1310 550 1496 630 extorsisse,

179 665 217 725 ut
230 650 404 743 Danielem
419 656 603 746 perderent
618 656 753 747 (Lep.);
775 660 810 725 in
826 660 899 725 eius
919 664 1034 724 autem
1049 656 1157 723 salute
1176 655 1263 722 adeo
1278 656 1364 723 mire
1380 656 1500 721 effecta

178 765 253 831 iure
276 764 385 830 cernit
399 763 506 853 ipsius
526 763 585 830 Dei
608 769 728 854 contra
742 771 959 831 accusatores
981 762 1183 831 sententiam
1202 762 1388 851 prolatam;
1405 784 1438 829 v.
1455 768 1498 829 st

181 900 198 933 «
210 870 346 936 iubente
356 882 473 936 autem
486 892 565 960 repe
575 870 721 937 aridirati
730 884 811 937 sum
822 869 889 937 uiri
896 872 951 939 illi
961 871 1023 960 qui
1029 880 1273 936 accusaverant
1282 868 1457 935 Danielem
1469 880 1501 934 et

180 977 217 1042 in
238 975 352 1042 lacum
368 976 504 1042 leonum
518 977 717 1057 missisunt,
732 977 800 1067 ipsi
811 974 921 1065 erfiltt
933 998 1051 1043 eorum
1063 988 1096 1043 et
1111 998 1232 1043 umores
1242 997 1373 1057 aarum,
1384 988 1417 1041 et
1430 997 1500 1041 non

173 1095 403 1172 peruenerunt
417 1104 522 1173 usque
537 1082 586 1150 aa'
592 1084 831 1172 pauimentum
848 1083 928 1164 laci,
940 1082 1046 1150 donec
1061 1084 1251 1175 arriperent
1263 1105 1318 1149 eos
1332 1084 1455 1163 leones,
1467 1094 1501 1147 et

177 1190 293 1255 artenia
313 1200 387 1256 ossa
404 1211 520 1256 eorum
540 1190 813 1256 comminuerunt
829 1212 864 1271 »;
878 1227 924 1240 -
939 1196 1149 1257 accusatores
1165 1190 1219 1255 vel
1238 1190 1499 1255 calumniatores

179 1296 229 1384 (in
246 1301 339 1363 textu
354 1296 557 1363 verbotenus
574 1318 581 1363 :
598 1296 659 1385 qui
681 1296 789 1364 frusta
809 1296 881 1363 eius
896 1297 1119 1363 comederunt
1137 1296 1160 1361 i.
1182 1318 1212 1361 e.
1239 1296 1324 1362 [also
1345 1315 1423 1361 eum
1445 1315 1500 1360 ac-

177 1408 379 1469 cusaverant
393 1402 656 1491 calumniantes)
676 1401 780 1469 simul
796 1424 876 1469 cum
889 1402 1023 1469 familia
1042 1401 1249 1492 puniuntur3
1275 1401 1379 1468 talem
1397 1400 1499 1467 luisse

179 1531 312 1576 morem
326 1514 521 1591 Persarum,
539 1509 632 1575 testis
647 1514 697 1576 est
717 1510 862 1599 epistola
884 1490 1076 1577 Artaxerxis
1099 1509 1192 1575 Esth.
1221 1513 1322 1588 tutu
1341 1507 1449 1574 relata
1466 1511 1500 1573 et

179 1616 366 1682 Herodotus
386 1622 506 1698 3,119;
530 1616 689 1682 similiter
711 1623 855 1706 propter
875 1616 1060 1705 impietatis
1081 1615 1371 1704 conspirationem
1392 1614 1499 1680 inter-

179 1724 285 1812 empti
305 1726 384 1789 suut
403 1743 483 1788 eum
503 1721 636 1789 familia
656 1726 758 1802 Coro,
777 1722 926 1803 Dathan,
946 1722 1072 1789 Abiron
1096 1722 1209 1812 (Num.
1236 1726 1337 1803 tunt
1358 1720 1444 1809 seq.)
1463 1725 1495 1785 et

179 1829 296 1895 Achan
312 1830 389 1918 (los.
409 1829 521 1919 7,2t);
549 1834 700 1895 ceterum
723 1829 800 1914 lege
815 1832 955 1912 cautum
968 1831 1041 1895 erat
1056 1851 1098 1895 ne
1113 1830 1310 1896 innocentes
1325 1849 1402 1893 cum
1416 1846 1497 1895 son-

179 1934 272 2002 tibus
290 1935 498 2026 punirentur
516 1935 625 2024 (Deut.
650 1935 784 2023 Dt,16);
802 1936 845 2003 ef.
864 1942 886 2001 Ξ
904 1939 987 2021 Reg.
1011 1942 1103 2015 ets.
1122 1935 1216 2013 Quod
1237 1935 1322 2001 adeo
1341 1934 1498 2001 celeriter

180 2041 336 2109 devorati
358 2049 452 2123 suut,
472 2042 608 2110 divinae
626 2042 776 2109 iustitiae
797 2049 830 2109 et
847 2042 1035 2131 sapientiae
1058 2064 1144 2132 opus
1164 2044 1191 2108 Τ
1189 2040 1286 2109 lacod.
1309 2042 1433 2120 cernit:
1455 2062 1498 2107 ne

179 2151 274 2218 enim
289 2148 462 2234 diceretur
472 2155 614 2238 propter
628 2150 816 2215 satietatem
829 2148 943 2215 leones
957 2172 978 2214 a
992 2148 1129 2215 Daniele
1148 2148 1349 2215 abstinuisse
1369 2153 1402 2213 et
1414 2147 1500 2212 invi·

178 2255 237 2321 dia
259 2261 502 2322 extenuaretur
521 2251 739 2338 miraculum,
762 2255 907 2322 iniectos
933 2254 1166 2327 testimonium
1189 2253 1404 2344 perhibuisse
1428 2252 1499 2318 leo-

179 2384 261 2428 num
276 2362 481 2429 crudelitati.
495 2366 536 2429 Ut
545 2363 778 2429 narrationem
788 2362 872 2429 risui
881 2366 1054 2451 exponant
1064 2366 1235 2451 quaerunt
1244 2360 1353 2450 aliqui
1365 2358 1496 2449 (Hira),

181 2468 356 2559 quomodo
371 2468 524 2535 familiae
542 2476 612 2550 122
621 2469 723 2535 simul
739 2470 914 2559 potuerint
926 2469 962 2535 in
976 2468 1090 2535 lacum
1105 2468 1199 2534 inlici
1213 2471 1280 2534 eta
1298 2466 1416 2557 paucis
1432 2466 1500 2532 leo·

179 2575 283 2642 nibus
297 2574 465 2643 devorari.
481 2579 694 2665 Responsum
708 2575 778 2641 iam
796 2579 845 2641 est
860 2574 904 2641 ad
918 2597 951 2642 v.
975 2582 1011 2653 73
1032 2574 1160 2641 nullibi
1174 2573 1297 2640 dicitur
1316 2594 1499 2641 numerum

181 2688 419 2749 incusatorum
433 2667 546 2748 luisse
575 2703 763 2768 magnum3
792 2681 899 2748 immo
927 2704 968 2747 ex
988 2705 1021 2761 u.
1051 2688 1089 2749 11
1116 2681 1292 2767 colligitur
1313 2679 1499 2747 admodum

182 2810 310 2876 paucos
332 2789 434 2855 luisse
446 2842 453 2871 ,
465 2848 468 2854 .
481 2809 560 2854 cum
583 2787 619 2853 in
638 2786 782 2855 domum
803 2789 858 2853 vel
873 2789 988 2877 potius
1003 2788 1039 2854 in
1053 2787 1252 2856 cubiculum
1267 2787 1312 2853 ad
1327 2808 1499 2853 summum

182 2893 290 2983 aliqui
303 2896 436 2961 irruere
454 2893 632 2982 potuerint
650 2895 695 2960 ad
711 2894 964 2962 observandum
978 2894 1164 2963 Danielem.

226 3002 281 3068 Uti
302 3000 614 3067 Nabuchodonosor
636 3007 728 3084 3,96.
756 3007 816 3085 98,
842 3002 891 3067 ita
914 3002 1033 3067 Darius
1053 3024 1188 3090 quoque
1211 3003 1421 3069 maiestatem
1442 3001 1501 3066 Dei

182 3108 330 3175 Danielis
342 3106 482 3197 publico
496 3106 633 3174 decreto
647 3108 783 3197 populis
795 3108 987 3174 annuntiat.
1003 3112 1181 3174 Decretum
1191 3106 1294 3173 simili
1305 3106 1406 3172 modo
1421 3127 1501 3171 con-

181 3220 320 3304 ceptum
342 3219 403 3281 est.
426 3212 481 3279 Uti
501 3236 605 3302 supra
621 3219 776 3280 notatum
801 3220 867 3294 est,
886 3215 962 3280 iure
985 3214 1209 3303 supponimus
1235 3214 1407 3281 Danielem
1432 3234 1502 3277 esse

180 3321 376 3387 consultum
395 3342 464 3409 qua
478 3322 610 3388 ratione
625 3326 659 3387 et
679 3320 806 3409 quibus
820 3320 933 3386 verbis
947 3302 1161 3409 loquendum
1175 3322 1218 3386 sit
1237 3320 1279 3387 de
1297 3323 1363 3385 Deo
1379 3320 1498 3399 lsrael;

184 3452 214 3494 v.
233 3435 277 3496 25
299 3456 315 3488 a
337 3439 418 3494 tune
432 3428 559 3493 Darius
580 3450 641 3493 rea
656 3427 789 3517 scripsit
808 3427 969 3493 rcnioersis
981 3426 1120 3517 populis
1128 3480 1139 3511 ,
1160 3426 1312 3494 tribubus
1326 3439 1358 3493 et
1377 3426 1503 3514 linquis

182 3533 415 3602 babitantibus
434 3533 471 3599 in
491 3534 648 3600 uniuersa
666 3545 755 3600 terra
771 3556 782 3600 .·
800 3532 979 3624 peccabis
1004 3533 1273 3623 multiplicetur!
1286 3558 1319 3601 v.
1336 3540 1378 3600 26
1403 3556 1424 3598 a
1448 3554 1502 3599 me

182 3642 405 3708 constitutum
423 3654 472 3707 est
483 3639 673 3721 decretum,
690 3641 778 3707 utin
795 3642 949 3708 universo
969 3642 1112 3731 imperio
1128 3656 1161 3708 et
1178 3664 1281 3732 reqno
1296 3663 1369 3707 meo
1386 3640 1502 3707 tremi-

182 3761 283 3815 scant
293 3760 328 3814 et
335 3761 489 3837 pareant
505 3752 614 3814 Deum
634 3748 805 3832 Danielis,·
818 3749 888 3839 ipse
901 3761 952 3815 est
962 3749 1050 3815 enirn
1067 3753 1155 3817 Deus
1169 3749 1281 3815 vivens
1300 3760 1332 3814 et
1347 3760 1503 3814 aeternus

182 3857 219 3922 in
242 3854 383 3921 saecula
408 3867 442 3921 et
456 3876 597 3945 requam
619 3854 694 3921 eius
708 3878 776 3921 non
798 3854 1018 3944 dissipabitur
1035 3869 1069 3922 et
1077 3869 1229 3945 potestas
1249 3856 1320 3923 eins
1345 3855 1503 3944 usquein

181 3975 362 4029 aeternum
371 3984 384 4044 ;
402 3984 435 4028 v.
453 3968 496 4029 27
515 3963 586 4051 epte
601 3960 761 4028 liberator
780 3973 883 4050 atque
898 3962 1049 4029 salvator
1059 3964 1191 4052 faciens
1209 3963 1306 4051 sipna
1321 3974 1355 4028 et
1367 3960 1504 4027 mirabi-

181 4070 230 4136 lia
245 4070 283 4135 in
300 4068 391 4135 coelo
411 4068 495 4135 etin
512 4080 621 4150 terra,
641 4069 704 4157 qui
717 4066 874 4134 liberauit
892 4069 1070 4135 Danielem
1089 4068 1130 4136 de
1144 4068 1225 4135 lacu
1244 4070 1381 4135 leonum
1399 4071 1435 4135 »l
1458 4106 1502 4117 -

182 4175 222 4242 in
235 4181 330 4241 textu
347 4199 354 4243 :
373 4173 414 4241 de
428 4196 535 4241 manu
550 4176 573 4242 i.
595 4198 626 4241 e.
644 4175 687 4240 de
701 4179 865 4264 potestate
880 4180 913 4241 et
928 4176 962 4240 vi
975 4176 1132 4258 leonum3
1151 4176 1195 4242 cs.
1217 4181 1308 4257 3,98.
1328 4182 1386 4255 99;
1410 4180 1501 4253 t‚31.

185 4281 399 4372 Praecipitur
412 4286 450 4348 ut
467 4282 579 4348 honor
592 4286 625 4348 et
636 4280 828 4348 reverentia
841 4284 908 4347 Deo
927 4282 1112 4364 habeatur;
1131 4281 1167 4348 id
1183 4280 1274 4371 quod
1290 4282 1436 4367 gentiles
1448 4303 1502 4348 re-

182 4390 290 4456 tentis
305 4388 370 4455 diis
384 4389 505 4478 patriis
518 4393 690 4479 praestare
705 4393 875 4479 poterant.
894 4386 1003 4454 Simili
1022 4389 1153 4455 ratione
1169 4389 1204 4454 in
1219 4388 1504 4477 inscriptionibus

180 4518 287 4585 saepe
302 4517 390 4561 unus
402 4494 486 4561 deus
499 4517 582 4584 prae
596 4496 715 4561 ceteris
727 4494 888 4561 laudatur
900 4498 934 4559 et
948 4494 1219 4562 commendatur.
1237 4494 1273 4561 ld
1287 4494 1406 4562 saltem
1418 4496 1504 4561 eius·

183 4603 280 4669 modi
295 4601 433 4669 decreto
443 4601 598 4668 effectum
614 4605 681 4684 est,
694 4607 733 4667 ut
747 4606 832 4668 Dcus
846 4601 949 4667 lsrael
959 4605 1136 4691 tamquam
1152 4608 1239 4669 Deus
1250 4604 1503 4693 potentissimus

182 4709 323 4801 populis
344 4710 609 4775 annuntiaretur
628 4707 727 4798 eique
749 4708 859 4776 honor
877 4708 1127 4789 conciliaretur,
1146 4709 1207 4776 etsi
1229 4709 1341 4777 cultus
1359 4708 1503 4776 deorum
