3550 5367
748 376 825 435 Dan.
851 377 879 446 ὅ,
903 374 996 432 nst-31
1472 380 1529 441 169

207 509 380 598 pollicitus
402 511 467 585 est;
491 511 551 573 aut
573 507 665 573 enirn
689 506 793 593 longo
816 511 891 595 post
916 512 1070 595 tempore
1094 505 1238 573 eredidit
1261 512 1403 576 ventura
1429 533 1521 601 quae

208 616 358 690 dixerat,
374 619 434 680 aut
453 612 536 680 dum
552 614 611 680 Dei
629 613 836 703 prophetam
856 612 1002 679 honorat
1021 615 1137 701 sperat
1155 636 1189 679 se
1210 615 1346 682 veniam
1366 638 1528 684 consecu-

207 728 323 788 turum
338 749 354 779 ι)
381 720 430 808 (S.
448 718 573 808 Hiera).
595 718 715 786 Daniel
735 725 852 785 autem
872 718 1018 785 honores
1037 717 1167 784 oblatos
1187 719 1339 788 admittit
1360 744 1430 791 non
1456 730 1527 791 tam

208 828 289 917 qnia
307 833 447 917 peracta
463 827 747 915 interpretatione
771 825 918 914 suspicio
935 824 1106 891 mendacii
1128 830 1187 891 aut
1207 825 1413 895 adulationis
1431 830 1528 897 nulla

208 940 281 1001 erat
295 934 423 1022 (Mor),
438 954 543 1023 quam
562 934 651 998 utin
665 954 700 998 se
720 934 908 1000 honoretur
926 936 1011 997 Deus
1031 931 1128 997 cuius
1142 932 1314 1022 propheta
1335 938 1424 1016 erat,
1451 965 1466 996 «
1490 944 1526 1003 ut

208 1041 266 1107 Dei
277 1040 428 1127 gloriam
440 1061 482 1105 ea
494 1039 626 1106 ratione
635 1038 782 1105 illustret
794 1042 828 1105 et
836 1044 874 1105 ut
887 1038 949 1105 illa
964 1060 1119 1127 purpura
1130 1044 1163 1105 et
1176 1038 1234 1105 ille
1250 1062 1374 1107 aureus
1388 1046 1527 1131 torques

207 1146 345 1213 divinae
365 1146 551 1212 sententiae
571 1146 827 1235 explieutaeque
841 1145 886 1211 ab
907 1166 946 1210 eo
966 1144 1154 1234 scripturae
1175 1146 1269 1212 testis
1289 1146 1366 1213 sit»
1389 1148 1526 1237 (Mala.)

206 1277 239 1320 v.
254 1259 297 1319 29
314 1280 330 1314 κ
347 1264 427 1318 tune
441 1250 575 1319 iubente
588 1274 665 1341 repe
679 1251 820 1318 indutus
834 1263 883 1317 est
896 1250 1021 1317 Daniel
1027 1272 1188 1341 propera
1206 1264 1239 1317 et
1254 1254 1465 1321 circumdata
1481 1268 1528 1323 est

207 1372 344 1450 torques
357 1381 463 1425 aurea
480 1358 566 1425 eollo
582 1358 654 1424 eius
668 1357 945 1447 etpruedieatum
962 1370 1013 1423 est
1026 1356 1066 1423 de
1077 1379 1115 1423 eo
1130 1358 1225 1447 quod
1232 1357 1528 1451 truderetpoteste-

208 1478 275 1533 tem
295 1465 415 1532 tertius
433 1466 469 1531 in
491 1487 596 1555 repro
617 1487 678 1531 suo
697 1492 711 1523 »
726 1487 734 1547 ;
750 1502 796 1513 -
813 1487 854 1531 ex
871 1461 986 1530 verbis
1006 1464 1160 1554 sequitur
1178 1466 1345 1533 honorem
1364 1466 1396 1535 ei
1415 1470 1527 1535 statim

207 1574 370 1641 collatum
389 1592 461 1638 esse
478 1578 511 1637 et
526 1571 783 1661 promulgatum
801 1593 918 1638 eoram
935 1570 1029 1636 mille
1045 1572 1196 1638 convivis
1213 1570 1249 1637 in
1269 1573 1350 1639 aula
1367 1575 1524 1641 convivii.

206 1685 322 1769 Neque
333 1678 537 1765 lingendum
552 1685 601 1744 est
614 1678 716 1745 caede
727 1678 906 1768 repentina
916 1698 1034 1764 regem
1044 1677 1250 1767 impeditum
1263 1700 1334 1745 esse
1345 1682 1528 1769 quominus

206 1784 383 1853 Danielem
404 1786 594 1853 honoraret
613 1783 865 1874 (Hoeverm'elr),
890 1784 944 1851 vel
963 1787 1073 1851 toturn
1094 1785 1159 1851 hoo
1175 1785 1285 1853 solum
1304 1788 1527 1854 constitutum

207 1915 278 1960 esse
292 1914 357 1983 pro
372 1892 528 1981 sequenti
542 1890 598 1958 die
617 1891 671 1957 vel
682 1912 869 1981 praecones
884 1890 993 1957 multa
1008 1893 1106 1956 noete
1121 1913 1185 1980 per
1198 1892 1321 1959 urbem
1343 1895 1528 1962 clamantes

207 2001 375 2067 honorem
388 1998 538 2064 Danielis
549 1998 707 2065 omnibus
719 1996 966 2087 promulgasse.
981 2000 1048 2063 Cur
1064 1996 1180 2063 Daniel
1198 1998 1364 2066 honorem
1383 2000 1526 2068 admise-

207 2109 268 2187 rit,
288 2107 324 2173 S.
344 2106 439 2172 Hier.
454 2104 546 2171 hanc
560 2125 699 2194 quoque
716 2103 816 2171 affert
830 2103 1014 2185 rationem,
1029 2130 1044 2163 «
1068 2110 1105 2168 ut
1121 2105 1220 2171 Dario
1232 2104 1290 2193 qui
1307 2111 1380 2173 erat
1393 2129 1526 2174 succes-

206 2236 306 2280 surus
320 2212 355 2279 in
372 2233 521 2298 regnum
539 2211 639 2277 fieret
652 2210 766 2276 notior
780 2214 812 2275 et
826 2231 890 2299 per
911 2208 1066 2275 notitiam
1082 2208 1281 2277 honoratior
1297 2239 1312 2272 >1
1334 2212 1357 2278 i.
1379 2235 1410 2279 e.
1429 2220 1468 2279 ut
1486 2236 1526 2281 ea

207 2320 407 2388 auctoritate
419 2324 451 2383 et
470 2319 601 2384 honore
614 2317 793 2407 praeditus
807 2317 866 2382 Dei
885 2316 1032 2402 gloriam
1045 2321 1077 2382 et
1090 2314 1219 2382 bonum
1235 2320 1355 2407 populi
1367 2320 1420 2385 sui
1433 2322 1527 2409 apud

207 2448 336 2493 novum
356 2424 606 2491 dominatorem
620 2422 791 2490 efficacius
808 2443 1010 2513 promovere
1030 2428 1151 2512 posset.

251 2533 426 2600 Sententia
441 2532 509 2597 cito
524 2536 573 2597 est
585 2530 790 2597 exsecutioni
804 2528 967 2595 mandata
980 2552 1010 2595 v.
1029 2536 1071 2595 30
1092 2556 1107 2589 «
1125 2528 1243 2596 eudem
1259 2543 1356 2599 nocte
1371 2532 1527 2621 intersec-

207 2652 258 2705 tus
272 2651 321 2705 est
335 2638 510 2704 Baltussm·
527 2658 589 2703 rea
603 2636 787 2703 chaldaeus
791 2656 806 2717 ,·
819 2658 851 2702 y.
869 2642 908 2701 31
929 2646 961 2701 et
980 2635 1103 2701 Durius
1118 2635 1238 2703 Medus
1249 2638 1406 2705 suecessit
1418 2639 1454 2705 in
1472 2662 1525 2707 re-

203 2768 312 2836 pnum
326 2767 433 2813 annos
447 2756 548 2811 naeres
561 2741 739 2832 serapiam
752 2742 837 2810 dicos
848 2762 883 2821 »3
900 2780 943 2791 -
953 2742 1149 2809 Nabonidus
1161 2746 1253 2811 enim
1266 2745 1396 2835 proelio
1406 2768 1427 2813 a
1439 2751 1524 2835 Cyro

207 2854 316 2920 victus
328 2874 399 2918 sese
419 2872 498 2918 curn
516 2851 636 2939 paneis
649 2854 828 2938 receperat
842 2849 1041 2937 Borsippanr
1061 2848 1146 2938 (Birs
1161 2851 1331 2940 Nimrnd);
1348 2852 1438 2919 iilius
1455 2854 1527 2920 eius

207 2981 286 3025 cnm
305 2980 432 3045 magna
453 2959 735 3046 exercitus'parte
757 2955 880 3021 urbem
902 2954 1112 3042 Babylonem
1139 2958 1313 3040 ingressus
1339 2964 1423 3025 erat.
1448 2961 1526 3026 Eius

207 3087 346 3155 pugnae
365 3071 399 3130 et
416 3064 520 3150 fugae
538 3061 707 3129 Nabonidi
724 3068 758 3127 et
778 3067 924 3142 veteres,
946 3064 1105 3127 Berossns
1129 3066 1162 3127 et
1181 3061 1385 3145 Herodotus,
1403 3066 1526 3153 etipsa

207 3172 266 3238 illa
283 3171 462 3259 inscriptio
481 3169 538 3236 cui
551 3190 676 3235 nomen
696 3174 746 3234 est
759 3166 902 3233 annales
916 3166 1084 3233 Nabonidi
1097 3168 1306 3233 mentionem
1321 3168 1475 3259 faciunt(
1500 3171 1524 3237 f.

208 3280 390 3366 Bronenpo
408 3276 431 3342 l.
446 3299 477 3342 c.
495 3299 537 3365 p..
550 3280 614 3343 1⁵29
632 3274 733 3363 seq.);
753 3296 793 3339 ex
814 3295 855 3339 ea
873 3294 1011 3361 quoque
1028 3272 1191 3341 discimus
1204 3275 1375 3364 proelium
1396 3276 1525 3342 lactum

206 3406 276 3451 esse
291 3405 407 3451 mense
421 3385 588 3464 tainmuz,
605 3380 661 3448 die
679 3387 719 3448 tt
735 3379 908 3447 civitatem
919 3379 1089 3445 munitam
1112 3380 1257 3469 Sippara
1272 3380 1525 3471 (Sephorvaim)

206 3497 326 3579 portas
333 3489 505 3580 aperuisse
517 3487 625 3555 Persis
638 3493 672 3553 et
687 3486 744 3552 die
763 3492 803 3553 16
824 3486 963 3572 Ugbaru
981 3485 1179 3575 (Gobryam)
1195 3508 1275 3553 oum
1286 3489 1433 3555 exercitu
1448 3491 1525 3577 Cyri

207 3597 400 3688 protectum
415 3618 486 3662 esse
497 3616 613 3660 versus
632 3591 857 3680 Babylonem3
873 3591 1020 3682 proinde
1037 3592 1129 3659 eirea
1139 3593 1276 3660 initium
1291 3596 1415 3661 mensis
1431 3595 1523 3678 iulii;

207 3708 336 3791 Cyrum
354 3707 471 3769 autem
485 3722 601 3767 mense
616 3700 887 3767 marcheschvan
909 3698 964 3765 die
983 3699 1085 3765 tertio
1106 3700 1318 3789 Babylonem
1334 3700 1527 3788 ingressum

207 3832 277 3876 esse
292 3816 326 3875 et
337 3830 457 3899 pacem
469 3806 662 3897 promisisse
670 3812 703 3872 et
714 3807 885 3891 Gobryam
901 3810 1058 3894 satrapen
1069 3806 1267 3887 instituisse,
1280 3807 1425 3897 proinde
1438 3808 1528 3876 circa

208 3915 361 3983 medium
372 3936 523 3981 mensem
531 3913 723 3996 octobrem,
736 3913 821 3979 forte
837 3911 892 3978 die
910 3919 966 3995 19,
984 3921 1020 3978 ut
1039 3911 1321 3981 Hommelcenset
1335 3914 1527 4004 (Gesohich-

207 4028 241 4088 te
267 4022 350 4087 Bab.
381 4044 414 4088 u.
440 4025 552 4108 assyr.
573 4044 607 4110 p.
632 4019 726 4108 785).
747 4023 834 4086 Haec
854 4019 883 4084 si
901 4019 947 4084 ita
966 4040 1000 4085 se
1018 4018 1162 4101 habent,
1180 4042 1220 4087 ea
1240 4042 1327 4109 quae
1341 4024 1471 4087 veteres
1485 4020 1526 4086 de

208 4129 388 4195 obsidione
410 4128 520 4207 urbis,
543 4126 586 4193 de
601 4125 774 4214 Euphrate
789 4125 929 4191 flumine
949 4124 1105 4208 diducto,
1128 4126 1169 4192 de
1182 4128 1339 4213 ingressu
1356 4127 1527 4194 Medorum

208 4242 242 4301 et
255 4240 434 4301 Persarum
446 4234 482 4300 in
498 4232 620 4299 urbem
640 4233 746 4315 clam,
764 4231 848 4297 dum
863 4231 1044 4318 Babylonii
1061 4233 1226 4299 conviviis
1246 4239 1280 4299 et
1299 4234 1445 4300 luxuriei
1469 4258 1527 4302 va-

208 4346 340 4424 carent,
366 4339 580 4408 conoorditer
597 4344 757 4419 narrant,
776 4336 975 4404 collocanda
1002 4344 1103 4405 erunt
1121 4338 1211 4405 inter
1234 4360 1386 4407 mensem
1405 4341 1529 4409 iulium

208 4454 241 4515 et
252 4447 443 4515 octobrem.
459 4451 505 4513 Ea
522 4446 629 4533 igitur
643 4450 739 4511 noete
754 4467 823 4533 qua
831 4466 897 4533 per
909 4444 1056 4510 fluvium
1069 4444 1245 4511 diductum
1259 4451 1293 4513 et
1306 4447 1529 4515 imminutum

208 4554 354 4642 ingressi
373 4558 452 4620 sunt
474 4552 600 4618 milites
624 4553 659 4617 in
683 4551 805 4617 urbem
824 4550 995 4617 obsessam
1015 4556 1049 4616 et
1070 4540 1139 4618 suis
1160 4552 1409 4621 munitionibus
1428 4554 1530 4620 nimis

209 4661 393 4739 confisam,
413 4659 613 4725 interfectus
635 4662 683 4723 est
705 4658 885 4739 Baltassar3
908 4658 981 4723 eius
1000 4657 1196 4725 convivium
1216 4660 1356 4726 omnino
1369 4660 1529 4746 congruit

209 4765 398 4834 narrationi
415 4764 622 4832 aveteribns
639 4764 803 4845 traditae,
821 4763 863 4830 de
878 4786 948 4854 qua
966 4762 1043 4830 vide
1058 4786 1146 4853 quae
1169 4766 1287 4832 notavi
1311 4765 1355 4833 ad
1377 4770 1419 4832 ls.
1449 4771 1527 4846 aba
