3550 5367
246 291 305 350 328
789 291 865 350 Dan.
891 291 939 363 13,
962 291 1018 351 t-7

246 439 376 506 nobiles
394 460 515 529 pueros
538 440 739 507 ludaeorum
764 441 800 506 in
815 440 929 507 aulam
951 461 1047 508 suam
1069 438 1243 508 admiserit
1266 440 1368 506 etiam
1390 439 1482 504 viros
1504 440 1563 502 lu—

246 544 412 612 daeorum
437 547 618 636 primarios
641 546 791 632 benigne
816 547 936 614 fovisse
961 548 1098 614 omnino
1129 569 1198 639 esse
1224 545 1419 638 probabile;
1449 563 1563 633 qnare

248 653 375 719 mirum
394 653 504 719 videri
527 675 593 720 non
610 652 735 720 debera
759 653 787 718 si
810 651 951 720 domum
971 655 1140 740 insignem
1156 674 1233 720 cum
1258 651 1412 743 pomario
1428 654 1462 717 et
1480 647 1563 715 aliis

250 759 459 826 ornamentis
476 759 664 849 possederit
679 759 824 842 loakim,
844 765 961 850 utpote
980 781 1063 848 prae
1083 759 1156 826 aliis
1170 759 1302 826 honore
1323 763 1500 849 praestans
1518 777 1562 821 ac

251 863 435 950 dignitate,
455 866 491 931 in
509 866 605 932 cuius
622 865 763 933 aedibus
782 865 915 933 ludaeis
928 887 1048 933 causas
1060 888 1137 933 snas
1158 886 1274 932 coram
1289 863 1460 931 iudicibus
1477 884 1562 930 suae

248 972 394 1037 nationis
407 975 552 1038 tractare
570 972 770 1062 permissum
786 974 840 1039 sit.

291 1077 404 1144 ludaei
420 1077 549 1144 exsules
563 1099 617 1144 res
631 1099 708 1144 snas
727 1079 791 1167 ipsi
804 1077 1089 1146 administrabant
1102 1084 1135 1145 et
1149 1077 1320 1145 iudicibus
1335 1077 1404 1143 suis
1417 1075 1562 1142 uteban-

245 1188 312 1250 tur.
342 1183 398 1250 lsti
420 1184 548 1251 iudices
569 1185 708 1251 fortasse
734 1207 857 1272 arege
880 1187 1015 1252 muneri
1040 1207 1100 1252 suo
1124 1184 1425 1275 praeficiebantur,
1456 1181 1562 1248 simili

246 1289 349 1356 modo
359 1311 427 1379 qno
437 1289 613 1357 ludaeisiu
620 1291 810 1358 Palaestina
820 1292 946 1357 relictis
956 1290 1134 1358 Godoliam
1144 1290 1308 1357 Iudaeum
1316 1289 1559 1379 rexpraelecit.

247 1400 368 1473 Quare
389 1397 490 1463 simul
515 1397 675 1464 discimus
694 1419 812 1483 regem
837 1399 978 1464 minime
999 1397 1183 1464 sollicitum
1197 1397 1299 1464 luisse
1317 1401 1356 1464 ut
1370 1395 1484 1462 ludaei
1503 1416 1561 1462 re-

252 1508 413 1589 gerentur
427 1501 562 1589 legibus
578 1525 617 1570 ac
634 1503 784 1572 moribus
798 1503 1063 1592 Babyloniorum
1078 1503 1138 1570 sed
1154 1503 1190 1569 id
1204 1503 1312 1570 solnm
1327 1509 1506 1592 spectasse,
1521 1505 1563 1568 ut

252 1609 464 1675 solverentur
478 1609 670 1695 vectigalia.
687 1609 831 1682 Proinde
848 1612 951 1677 etiam
967 1611 1004 1677 in
1018 1610 1133 1678 exsilio
1155 1609 1295 1677 ludaeos
1311 1610 1381 1675 suis
1399 1629 1476 1675 usos
1490 1628 1562 1674 esse

247 1714 506 1802 magistratibus
519 1715 607 1782 nihil
621 1714 725 1781 habet
743 1737 764 1782 a
785 1718 930 1783 veritate
943 1717 1106 1784 alienum.
1128 1720 1212 1782 Nam
1228 1720 1381 1782 veterum
1402 1713 1562 1780 historia-

248 1841 324 1888 rum
343 1821 446 1910 periti
464 1821 605 1888 omnino
618 1821 768 1888 latentur
783 1843 849 1889 non
864 1822 967 1890 fuisse
981 1823 1086 1889 moris
1101 1843 1204 1911 penes
1216 1828 1347 1888 veteres
1360 1841 1478 1886 rerum
1488 1841 1562 1885 om-

248 1927 344 1993 nium
358 1925 687 1994 administrationem
701 1927 745 1995 ad
759 1949 867 1994 unum
881 1927 1056 2017 quendam
1070 1949 1242 1994 summum
1257 1928 1496 2014 magistratum
1511 1926 1563 1992 ita

247 2032 391 2114 referre,
413 2038 450 2099 ut
465 2055 533 2100 una
553 2055 676 2100 norma
700 2034 892 2123 iisdemque
912 2035 1048 2120 legibus
1069 2055 1187 2101 omnes
1205 2033 1324 2114 urbes,
1345 2033 1559 2123 provinciae,

247 2139 402 2226 singulae
422 2144 539 2227 gentes
553 2140 732 2230 tribusque
745 2147 949 2228 regerentur
964 2141 1022 2230 (cl.
1047 2141 1210 2230 Cornely,
1226 2139 1356 2207 lntrod.
1371 2143 1397 2205 ll
1410 2145 1431 2204 2
1445 2160 1479 2228 p.
1495 2141 1563 2206 508

247 2249 318 2312 not.
342 2243 410 2335 10).
426 2250 494 2314 lam
510 2252 672 2313 narratur
684 2269 754 2337 qua
770 2248 948 2314 occasione
963 2245 1030 2313 duo
1042 2268 1139 2314 senes
1150 2268 1267 2313 amore
1284 2250 1458 2314 Susannae
1470 2244 1564 2333 capti

248 2353 315 2418 sint
328 2376 360 2419 v.
383 2360 402 2418 5
422 2381 435 2413 e
459 2364 492 2418 et
502 2353 678 2418 constituti
689 2365 768 2419 sunt
780 2351 820 2418 cle
830 2353 962 2442 popello
977 2352 1044 2418 duo
1065 2375 1158 2420 senes
1178 2351 1306 2419 iudices
1321 2352 1358 2417 in
1377 2351 1436 2418 illo
1450 2371 1561 2430 anno,

249 2456 289 2523 ale
302 2456 423 2547 quibus
435 2457 567 2525 locutus
589 2471 637 2524 est
648 2459 810 2524 Dominus
823 2480 835 2524 .·
848 2460 930 2548 qum
945 2481 1075 2548 epressa
1096 2471 1144 2526 est
1158 2459 1319 2549 iniquitas
1333 2458 1374 2525 de
1389 2455 1564 2546 Babylone

249 2587 271 2629 o
293 2563 476 2630 senioribus
495 2562 662 2630 iudicibus
681 2563 743 2653 qui
763 2563 963 2632 uidebantur
984 2588 1098 2655 repere
1113 2563 1305 2656 populum3
1326 2589 1359 2632 v.
1383 2571 1402 2632 6
1421 2563 1477 2631 isti
1494 2565 1565 2653 sre-

250 2667 461 2760 quentabant
484 2667 621 2736 domum
640 2669 772 2738 loalcim
793 2682 825 2736 et
845 2671 1023 2738 veniebant
1045 2672 1094 2739 ad
1109 2695 1165 2739 eos
1183 2694 1296 2738 omnes
1315 2673 1378 2763 qui
1395 2669 1565 2738 habebant

250 2774 393 2854 iudicia;
413 2799 444 2843 v,
461 2781 571 2842 'lcum
583 2788 697 2843 autem
707 2777 858 2866 populus
876 2777 1062 2844 revertisset
1069 2799 1136 2868 per
1146 2776 1339 2858 meridiem,
1353 2774 1565 2867 ingredieba-

251 2895 306 2949 tur
319 2885 478 2950 Susanna
489 2894 522 2949 et
535 2881 777 2950 deambulabat
788 2883 825 2950 in
837 2885 997 2973 pomario
1022 2883 1088 2952 viri
1103 2884 1158 2952 sui
1175 2909 1206 2951 v.
1224 2891 1244 2952 8
1263 2897 1297 2952 et
1313 2883 1473 2968 uidebant
1486 2903 1564 2949 cam

249 3011 342 3055 senes
357 2988 505 3079 quotidie
520 2989 760 3080 inpredienlem
776 3003 808 3056 et
824 2989 1119 3071 deambulantem,
1134 3003 1168 3057 et
1181 3002 1379 3058 exarserunt
1390 2990 1428 3056 in
1443 3011 1566 3056 concu-

244 3095 449 3186 piscentiam
473 3096 544 3162 eius
566 3119 599 3178 »3
620 3135 664 3146 —
686 3095 777 3163 unde
803 3097 861 3164 illa
884 3099 1019 3165 Domini
1046 3098 1152 3164 verba
1178 3098 1285 3187 petite
1306 3097 1373 3164 sint
1393 3097 1566 3162 incertum

252 3207 312 3269 est.
333 3203 445 3291 Aliqui
467 3202 508 3268 do
528 3207 591 3270 ler.
611 3209 712 3284 ram
731 3203 783 3269 vel
800 3209 902 3284 ΜΞ
922 3203 1074 3290 cogitant
1098 3203 1152 3290 (ol.
1170 3204 1277 3271 Mala.
1297 3203 1407 3271 Calm.
1433 3200 1561 3288 notatu

250 3311 368 3376 Sonat.
386 3308 480 3375 haud
494 3308 765 3399 improbabiliter
786 3310 946 3398 opinatur
967 3310 1106 3377 effatum
1124 3310 1189 3376 hoc
1213 3309 1357 3376 alicuius
1377 3308 1565 3398 prophetae

251 3436 321 3481 esse
333 3413 424 3503 quod
435 3413 585 3480 hocloco
596 3415 697 3481 nobis
707 3415 749 3481 sit
761 3421 1010 3496 conservatum,
1025 3438 1065 3482 eo
1080 3415 1181 3482 modo
1193 3438 1261 3504 quo
1272 3438 1303 3484 v.
1321 3437 1357 3501 g.
1372 3437 1392 3481 a
1407 3419 1442 3482 S.
1458 3413 1565 3480 Paulo

250 3519 348 3586 nobis
366 3524 536 3587 servatum
551 3521 594 3588 sit
610 3520 754 3588 verbum
774 3521 909 3587 Domini
927 3543 935 3588 :
954 3521 1084 3588 beatius
1096 3528 1146 3588 est
1162 3521 1270 3608 magis
1286 3521 1368 3588 dare
1386 3541 1491 3611 quam
1505 3540 1566 3586 ac·

251 3627 364 3715 cipere
380 3625 460 3713 (Act.
482 3625 613 3716 20‚35);
630 3653 646 3688 a
666 3625 750 3692 dixit
763 3627 904 3692 fortasse
925 3626 1076 3693 Christus
1093 3648 1195 3717 saepe
1215 3628 1363 3695 llarthae
1380 3650 1388 3693 :
1404 3627 1432 3692 si
1453 3625 1565 3694 credi-

251 3733 340 3798 deris
354 3731 486 3798 videbis
500 3731 644 3818 gloriam
660 3734 733 3815 Dei,
751 3755 819 3823 qua
838 3755 899 3799 nos
920 3734 1087 3800 sententia
1101 3755 1309 3814 careremus,
1333 3734 1399 3799 nisi
1413 3732 1567 3799 Christus

251 3843 442 3928 repeteret:
460 3860 573 3904 nonne
586 3838 654 3904 dixi
670 3838 756 3906 tibi:
777 3839 805 3904 si
826 3838 1053 3906 credideris...
1074 3841 1177 3928 (ioan.
1203 3840 1328 3927 lino).
1349 3840 1443 3907 Sicut
1456 3839 1567 3925 igitur

251 3944 419 4033 quaedam
437 3945 542 4010 verba
558 3944 681 4012 Christi
693 3943 875 4029 traditione
889 3947 1041 4012 servata¹
1057 3946 1149 4036 apud
1166 3947 1346 4036 scriptores
1361 3944 1566 4012 ecclesiasti-

250 4072 304 4117 cos
318 4051 490 4137 leguntur,
502 4051 635 4117 itacum
650 4051 749 4117 mulli
764 4051 956 4118 exstiterint
964 4053 1153 4142 prophetae
1163 4052 1223 4142 qui
1233 4051 1319 4119 nihil
1331 4051 1429 4118 nobis
1438 4052 1565 4140 scripto

249 4156 450 4246 reliquerint
463 4157 562 4224 facile
578 4157 820 4224 existimaveris
834 4157 903 4225 tale
918 4158 1057 4225 effatum
1073 4159 1137 4225 hoc
1152 4158 1224 4225 loco
1243 4157 1277 4224 in
1293 4159 1494 4224 memoriam
1509 4179 1566 4224 re-

249 4263 375 4344 vocari,
390 4264 476 4330 sicut
487 4263 522 4329 in
535 4263 631 4330 libris
643 4263 811 4330 historicis
822 4265 920 4331 varia
934 4265 1178 4354 prophetarum
1191 4264 1329 4330 oracula
1343 4269 1567 4330 recensentur

253 4368 311 4456 (cf.
330 4375 346 4434 1
363 4372 445 4456 Reg.
461 4377 558 4453 2‚30;
578 4373 696 4456 anag.
716 4377 813 4452 7,1t;
826 4379 845 4437 3
859 4374 943 4456 Reg.
956 4370 1085 4458 2032).
1099 4370 1135 4437 ld
1148 4369 1234 4437 mibi
1249 4370 1462 4460 probabilius
1473 4369 1569 4438 vide·

144 4553 146 4560 γ
252 4481 319 4557 tur,
336 4496 413 4540 cum
429 4477 493 4542 loci
511 4476 560 4541 illi
574 4499 612 4542 ex
626 4477 771 4543 Ieremia
786 4476 880 4543 allati
896 4498 1019 4566 parum
1034 4478 1146 4544 sensui
1160 4478 1343 4544 verborum
1359 4482 1567 4563 congruant.

282 4665 302 4709 l.
319 4659 450 4710 Eiusmodi
462 4657 544 4711 multa
558 4661 658 4726 collegit
672 4662 762 4719 Rescb,
778 4663 901 4726 Agrapha,
918 4663 1163 4713 aussercanonische
1173 4660 1477 4726 Evangelienfregmcnte,
1490 4663 1568 4728 Leip-

248 4738 287 4804 zig
301 4743 369 4791 1889.
