3550 5367
257 325 315 384 108
811 328 888 386 ΒΑΝ.
913 329 943 397 3,
967 329 1019 386 5-ῖ

256 473 493 562 babylonicas,
511 475 570 564 qui
585 474 671 542 sicut
685 477 913 543 instrumenta
926 477 1056 543 musica
1072 477 1120 542 ita
1136 497 1256 543 eorum
1273 495 1411 564 quoque
1431 475 1571 541 nomina

256 579 377 647 afferre
406 587 606 671 potuerunt;
637 589 817 672 praeterea
850 583 1035 650 memoriae
1064 583 1231 649 traditum
1259 585 1309 648 est
1339 581 1571 648 Sennacherib

254 689 388 754 Graecis
405 690 441 754 in
453 688 570 756 Cilicio
596 689 726 756 bellum
747 689 904 756 intulisse
925 696 960 756 et
985 690 1128 758 classem
1151 695 1357 757 Graecorum
1373 687 1573 778 profligasse

255 793 312 882 (cf.
331 794 476 878 Richter,
501 797 615 862 berosi
641 818 729 886 quae
754 801 954 886 supersunt,
976 820 1011 886 p.
1032 801 1160 878 62883
1189 798 1339 876 rlfovcrc,
1362 794 1570 873 Phoenizier‚

255 905 281 966 ll
301 907 319 967 3
340 924 374 990 p.
389 907 444 968 80.
465 907 530 970 236
549 924 620 991 seq.
633 922 641 982 3
660 902 738 970 vide
753 924 841 992 quae
856 903 950 970 dicta
965 907 1045 970 sunt
1058 903 1094 970 in
1106 900 1386 992 prolegomenis).
1402 903 1574 989 Sympho-

255 1007 347 1072 niam
374 1007 541 1089 Isidorus,
564 1010 754 1096 Etymolog.
785 1015 867 1094 332
893 1010 955 1099 (Μ.
982 1013 1118 1098 8Ξ,169)
1146 1010 1194 1075 ita
1219 1007 1381 1075 describit
1406 1030 1414 1076 :
1437 1007 1575 1093 «vulgo

257 1113 450 1201 appellatur
467 1112 603 1202 lignum
623 1136 743 1182 cavum
763 1138 804 1182 ex
827 1121 975 1206 utraque
998 1121 1097 1206 parte
1114 1114 1205 1205 pelle
1225 1118 1358 1182 extenta
1379 1135 1484 1203 quam
1504 1114 1573 1178 rir-

258 1217 348 1304 gulis
372 1220 454 1286 hinc
481 1220 561 1288 inde
590 1223 710 1288 musici
738 1222 882 1304 feriunt3
917 1222 1022 1312 fitque
1042 1223 1077 1289 in
1108 1245 1148 1288 ea
1174 1245 1213 1288 ex
1244 1219 1429 1288 concordia
1459 1221 1575 1308 gravis

257 1331 290 1390 et
310 1326 401 1392 acuti
420 1328 637 1394 suavissimus
651 1334 770 1396 cantus
787 1348 822 1408 »;
840 1351 929 1419 quae
947 1331 1064 1420 utique
1083 1329 1240 1420 tympani
1256 1328 1371 1419 potius
1390 1327 1574 1416 descriptio

258 1435 306 1497 est
321 1454 425 1522 quam
440 1433 545 1501 tibiae
563 1434 772 1502 utricularis.

302 1541 341 1604 Et
355 1544 484 1627 quanta
501 1561 578 1608 cum
602 1540 755 1608 efficacia
779 1563 836 1608 rex
862 1541 994 1608 cultum
1018 1540 1074 1609 dei
1093 1542 1145 1608 sui
1165 1541 1353 1631 propagari
1376 1544 1409 1606 et
1435 1539 1479 1605 ab
1499 1559 1573 1604 om-

258 1644 359 1712 uibus
382 1647 533 1713 exerceri
555 1647 718 1728 voluerit,
750 1646 939 1714 ostenditur
967 1646 1086 1714 addita
1108 1648 1284 1714 sanctione
1310 1669 1340 1712 v.
1368 1652 1426 1712 6«
1447 1644 1477 1711 si
1500 1645 1575 1733 qais

257 1761 371 1818 cutem
391 1774 460 1818 noa
472 1766 666 1843 prostratus
685 1753 898 1835 adoraverit,
921 1753 1042 1821 ecdem
1057 1754 1142 1820 laora
1167 1754 1320 1819 mittetur
1338 1753 1375 1818 in
1397 1753 1573 1842 fornacem

257 1857 345 1948 iym's
363 1858 513 1926 ardeatis
529 1879 564 1938 »3
581 1899 625 1909 —
643 1882 791 1950 poenam
805 1861 1025 1948 ignisinfligi
1045 1860 1139 1951 apud
1155 1860 1360 1947 Babylonios
1378 1859 1458 1926 satis
1474 1859 1575 1924 fuisse

257 1965 438 2045 usitatum,
458 1968 686 2034 monumentis
705 1968 811 2034 sacris
830 1973 863 2033 et
882 1967 1036 2056 profanis
1055 1967 1329 2048 demonstratur;
1352 1965 1395 2033 de
1414 1965 1481 2031 illis
1497 1964 1576 2031 vide

258 2074 321 2137 ler.
339 2077 442 2152 2922
459 2095 467 2140 :
488 2079 596 2162 ponat
613 2078 646 2139 tc
664 2074 826 2141 Dominus
839 2075 927 2140 sicut
944 2072 1123 2140 Sedeciam
1138 2082 1172 2140 et
1184 2071 1301 2140 Achab
1315 2093 1401 2161 qnos
1413 2071 1506 2138 frixit
1517 2094 1575 2138 rex

257 2175 439 2266 Babylonis
451 2179 486 2246 iu
501 2180 598 2266 igne3
615 2179 659 2246 da
674 2179 728 2246 his
742 2181 846 2247 refert
858 2179 970 2248 Smilla
983 2181 1240 2270 inscriptionem
1253 2179 1400 2268 cylindri
1417 2201 1485 2269 qua
1498 2200 1575 2245 nar-

259 2290 356 2351 ratur
370 2287 481 2352 virum
497 2286 669 2375 quendam
688 2292 835 2354 Dunanu
851 2289 911 2376 qui
933 2287 996 2354 diis
1012 2287 1226 2354 maledixerit
1242 2287 1344 2353 fuisse
1358 2286 1521 2352 iniectum
1540 2286 1575 2351 in

258 2393 433 2458 fornacem
444 2398 477 2459 et
491 2392 706 2460 combustum
723 2393 869 2482 (History
884 2393 922 2460 of
930 2393 1173 2482 Assurbanipal
1184 2416 1245 2482 ,p
1269 2393 1360 2481 157).
1382 2399 1493 2460 Poena
1508 2397 1574 2457 sta·

259 2497 365 2563 tuitur
381 2499 527 2564 maxime
549 2498 739 2580 horrenda,
762 2521 804 2565 ne
820 2500 896 2589 quis
916 2499 1047 2566 cultum
1067 2505 1209 2566 recuset.
1228 2498 1264 2564 ld
1279 2498 1372 2565 enim
1385 2495 1576 2564 timendum

259 2607 342 2670 erat.
359 2607 444 2670 Nam
463 2625 521 2670 rex
541 2627 562 2671 a
582 2604 725 2672 devictis
747 2622 884 2705 quoque
909 2609 942 2671 et
956 2606 1116 2672 subiectis
1132 2605 1349 2694 principibus
1365 2610 1398 2671 et
1415 2604 1577 2671 tribubus

259 2709 414 2794 exigebat
424 2715 461 2776 ut
472 2731 570 2776 suum
585 2709 771 2777 adorarent
783 2711 884 2778 deum
897 2714 953 2777 cui
966 2714 1038 2801 ipse
1049 2734 1109 2779 rex
1123 2713 1279 2778 victorias
1292 2717 1407 2801 partas
1420 2715 1576 2799 acceptas

258 2814 405 2894 ferebat;
427 2817 463 2883 in
477 2838 518 2883 ea
536 2821 653 2885 autem
666 2818 896 2906 postulatione
914 2819 1165 2901 continebatur,
1179 2824 1217 2884 ut
1228 2817 1353 2884 devicti
1367 2818 1470 2884 deum
1485 2817 1577 2903 regis

259 2929 483 3008 agnoscerent
497 2928 531 2991 et
545 2929 792 2990 venerarentur
814 2929 993 3014 tamquam
1017 2946 1096 2991 eum
1111 2926 1171 3014 qni
1183 2924 1266 2990 deos
1280 2945 1358 2990 suos
1376 2925 1506 3013 patrios
1525 2924 1577 2988 vi—

259 3029 356 3095 cisset
371 3051 410 3095 ac
432 3029 667 3117 subiugasset;
688 3031 723 3097 id
739 3030 831 3120 quod
850 3053 918 3098 non
934 3032 978 3098 ab
997 3031 1158 3098 omnibus
1174 3031 1322 3098 libenter
1340 3031 1507 3119 praestari
1528 3030 1577 3098 fa-

259 3135 322 3202 cile
333 3139 466 3224 poterat
478 3138 663 3228 praesumi.
686 3138 931 3228 Imponcbatur
946 3139 1038 3206 enim
1052 3138 1114 3220 iis,
1135 3144 1172 3205 ut
1191 3137 1271 3204 deos
1285 3159 1365 3205 suos
1378 3137 1577 3228 profiteren-

188 3313 193 3329 .
258 3248 315 3308 tur
338 3242 516 3311 inferiores
537 3267 577 3310 ac
602 3243 753 3312 devictos
777 3251 810 3312 et
833 3243 937 3312 deum
959 3244 1052 3332 regis
1076 3266 1177 3312 suum
1205 3265 1415 3333 suorumque
1433 3241 1577 3310 deorum

260 3355 486 3434 agnoscerent
513 3352 677 3417 victorem
701 3372 741 3418 ac
769 3351 1034 3419 dominatorem.
1064 3350 1378 3419 Nabuchodonosor
1405 3351 1454 3417 ita
1481 3373 1513 3418 v.
1539 3371 1576 3436 g.

260 3454 447 3544 alloquitur
460 3456 601 3524 Mardulx
622 3479 629 3525 ε
650 3463 687 3522 tu
703 3457 788 3524 mihi
804 3457 928 3526 dedisti
948 3458 1221 3526 dominationem
1243 3455 1502 3523 multitudinum
1516 3457 1578 3522 ho-

260 3561 393 3628 minnm
419 3562 608 3629 secundum
633 3569 729 3629 tuam
753 3564 982 3646 voluntatem,
1009 3563 1166 3645 domine,
1190 3585 1279 3654 quae
1300 3562 1444 3630 subiecit
1459 3583 1578 3629 eornm

260 3667 370 3734 tribus
382 3667 577 3758 (Brrcncnqo
589 3670 612 3735 l.
631 3692 660 3736 c.
673 3693 708 3759 p.
727 3670 816 3757 252).

551 3899 575 3966 b)
596 3905 755 3956 Iuvenum
773 3903 886 3968 pietas
906 3907 940 3956 et
960 3903 1124 3958 fortitudo
1143 3904 1176 3969 8,
1195 3903 1289 3956 7-23.

303 4088 402 4174 Regis
430 4087 539 4154 edicto
569 4109 685 4155 omncs
713 4089 859 4155 cultores
881 4088 1023 4156 deorum
1046 4088 1281 4177 obsequuntur
1302 4089 1376 4177 ipso
1406 4087 1528 4155 habitu
1552 4093 1584 4152 et

260 4192 458 4260 adoratione
471 4193 671 4284 profitentes
684 4194 719 4260 id
736 4195 827 4284 quod
845 4216 909 4284 pro
925 4216 1047 4262 eorum
1062 4194 1104 4262 de
1123 4194 1189 4261 diis
1208 4194 1368 4283 opinione
1384 4215 1505 4260 revera
1526 4215 1583 4260 ac-

262 4299 405 4379 ciderat,
424 4299 527 4368 deum
547 4302 690 4388 regisse
711 4302 942 4368 manifestasse
959 4302 1191 4391 potentiorem
1213 4323 1252 4366 ac
1268 4299 1480 4388 superiorem
1502 4299 1583 4365 reli-

262 4405 338 4494 quis
350 4406 527 4473 nationum
548 4407 758 4474 devictarum
775 4407 853 4490 diis;
871 4431 905 4474 v.
924 4415 944 4473 't
964 4435 979 4468 a
997 4410 1079 4474 Post
1092 4407 1175 4473 tace
1197 4407 1303 4496 iqitar
1321 4407 1438 4474 statim
1460 4417 1498 4472 ut
1516 4427 1583 4471 cre-

263 4509 398 4577 dr'crant
413 4533 527 4579 curram
538 4513 663 4603 papali
680 4513 830 4580 sonitum
856 4512 974 4596 trabae,
995 4511 1136 4602 fistulae
1151 4525 1185 4578 ct
1205 4511 1375 4594 catturae,
1400 4510 1582 4580 curaturae

263 4631 296 4684 ct
307 4617 464 4708 psalterii
481 4630 513 4685 ct
524 4620 745 4710 syntptom'cc
766 4633 799 4686 ct
817 4620 925 4686 coticis
940 4619 1073 4710 pencris
1096 4621 1321 4701 metricorum,
1342 4619 1497 4686 cadentes
1512 4640 1582 4684 cm-

212 4767 214 4774 ·
263 4748 321 4792 aes
341 4725 475 4815 populi,
493 4725 597 4792 tribus
611 4739 643 4792 ct
658 4726 799 4815 linquae
814 4725 1044 4794 adoraverunt
1064 4739 1215 4795 statuam
1230 4749 1371 4796 caeream
1387 4746 1490 4815 qaum
1505 4747 1582 4790 con-
