3550 5367
242 320 302 381 242
801 318 881 376 Dan.
905 318 934 389 9,
958 318 997 377 24

242 468 389 536 domada
403 469 670 558 septuagesima3
689 468 774 533 haec
794 470 844 533 est
862 488 984 533 revera
1003 464 1122 533 effecta
1142 466 1193 533 uti
1212 466 1345 557 reliqua
1363 490 1452 557 quae
1471 490 1561 534 enu-

182 589 184 592 ’
242 582 431 656 merantur,
453 579 503 641 est
526 576 666 664 insuper
685 596 726 641 ea
748 574 915 639 institutio
938 596 1009 663 qua
1032 572 1122 640 bona
1144 573 1385 662 praecedentia
1407 575 1506 662 quasi
1524 576 1563 641 in

244 685 402 750 thesauro
425 686 649 770 reponuntur,
671 702 740 769 qua
767 702 830 769 pro
852 679 1053 746 hominibus
1075 684 1293 746 asservantur
1316 684 1350 745 et
1373 702 1435 769 per
1454 702 1563 769 quam

243 788 388 876 singulis
399 787 599 854 obveniunt.
617 792 685 853 Hac
699 809 803 876 porro
823 787 1037 853 institutione
1051 809 1137 876 opus
1152 784 1398 876 redemptionis
1416 787 1564 853 absolvi-

242 903 299 961 tur
318 917 358 962 eo
380 915 479 961 sensu
503 900 539 959 ut
557 895 733 983 provisum
755 894 799 959 sit
813 891 848 958 id
869 915 938 981 quo
959 894 1090 960 fructus
1113 892 1359 983 redemptionis
1381 915 1444 982 pro
1467 894 1564 959 omni

242 1006 397 1090 tempore
416 1001 452 1065 in
475 1020 585 1086 genus
607 999 799 1065 humanum
815 997 977 1065 distribui
999 1000 1147 1089 possint;
1163 1006 1213 1066 cst
1231 1000 1348 1088 itaque
1366 1020 1446 1065 vero
1461 1020 1564 1066 seusu

244 1107 329 1173 haec
344 1105 510 1173 institutio
525 1128 653 1172 corona
667 1106 782 1195 operis
796 1106 942 1172 llessiae.
959 1096 1065 1182 Quam
1084 1105 1170 1172 bene
1190 1127 1231 1172 ea
1252 1106 1403 1195 acceptio
1424 1126 1564 1196 respon-

243 1212 321 1279 deat
343 1212 488 1279 orationi
511 1212 677 1298 Danielis,
695 1211 767 1278 iam
788 1211 916 1278 dictum
934 1217 998 1289 est3
1015 1211 1097 1278 item
1117 1234 1221 1301 quam
1246 1218 1338 1279 arcte
1361 1212 1565 1279 adnectatur

243 1319 319 1387 aliis
333 1318 583 1409 prophetarum
607 1318 764 1386 oraculis.
783 1322 890 1385 Porro
912 1318 1175 1385 commendatur
1195 1340 1236 1385 ea
1256 1318 1433 1409 explicatio
1458 1320 1563 1385 etiam

243 1426 392 1525 dictione
409 1424 517 1520 nmtqp
539 1426 609 1527 (ηρ
629 1447 718 1513 quae
735 1424 840 1491 dictio
857 1446 898 1490 ex
917 1446 982 1490 usu
1000 1445 1070 1491 nou
1083 1429 1218 1514 poterat
1237 1423 1366 1492 directe
1387 1431 1421 1492 et
1438 1426 1564 1492 imme-

183 1548 186 1553 ’
244 1550 336 1617 diate
371 1549 417 1616 ad
446 1549 618 1615 Christum
651 1548 783 1615 refe'rri.
807 1553 991 1637 Nunquam
1016 1548 1109 1615 enim
1140 1570 1288 1638 eousque
1314 1549 1357 1615 ad
1381 1571 1562 1640 personam

243 1658 395 1745 aliquam
410 1639 678 1742 designandam¹
690 1661 763 1722 erat
777 1654 946 1735 adhibita,
960 1652 1019 1721 sed
1033 1654 1143 1721 solum
1156 1656 1387 1745 usurpabatur
1401 1655 1443 1723 de
1458 1656 1565 1723 rebus

243 1763 486 1843 sacrosanctis,
511 1760 552 1827 de
579 1762 681 1829 altari
703 1761 1036 1842 holocautomatum,
1060 1759 1102 1828 de
1121 1762 1240 1845 thure,
1263 1762 1417 1829 derasis
1440 1764 1562 1845 sooria,

243 1870 287 1936 de
317 1868 509 1950 sacrificiis,
533 1869 577 1935 de
606 1866 766 1934 omnibus
799 1890 885 1957 quae
916 1872 982 1934 Deo
1013 1890 1076 1957 per
1110 1867 1249 1934 modum
1281 1869 1418 1935 cherem
1450 1892 1566 1937 conse-

243 1983 397 2059 crantur,
415 1974 458 2041 de
481 1975 566 2041 locis
582 1976 688 2042 sacris
708 1978 741 2040 et
763 1996 840 2041 cum
861 1972 1007 2040 articulo
1030 1974 1072 2040 de
1097 1974 1319 2042 tabernaculo
1338 1982 1371 2042 et
1390 1977 1435 2045 de
1459 1975 1565 2063 adyto

243 2082 364 2173 templi
382 2082 440 2171 (cl
459 2086 515 2148 Ex.
529 2088 650 2163 29,37;
667 2088 781 2160 30‚10.
799 2087 926 2162 haam
946 2087 1059 2161 talo.
1074 2084 1151 2147 LeV.
1170 2086 1239 2163 23.
1260 2088 1562 2165 1036,10.18.22;

244 2197 299 2271 7‚1
322 2194 386 2255 etc.
406 2194 586 2270 10‚12.17.
606 2192 705 2254 Num.
725 2193 815 2267 1a‚9.
835 2192 891 2254 ΕΖ.
912 2193 1012 2269 t5,3;
1031 2194 1230 2270 itm-et
1246 2210 1324 2256 cum
1340 2190 1483 2257 articulo
1503 2193 1563 2255 Ex.

246 2303 361 2377 26,33.
375 2302 429 2363 3t.
450 2300 549 2365 Num.
569 2301 638 2377 lala
658 2303 674 2361 1
696 2298 779 2380 aeg.
797 2301 895 2377 6,16;
914 2300 1010 2378 7,50;
1027 2299 1084 2373 8,ss
1105 2296 1201 2383 ete).
1220 2300 1329 2373 Quare
1352 2318 1431 2363 cum
1446 2296 1567 2363 Daniel

245 2425 357 2491 neque
380 2403 438 2467 hic
457 2423 569 2489 neque
594 2403 630 2466 in
653 2400 943 2489 subsequentibus
964 2400 1118 2489 aliquam
1143 2402 1263 2469 afferat
1285 2398 1562 2493 explicationem,

246 2508 321 2573 fieri
335 2531 404 2573 non
419 2508 543 2595 potuit,
563 2512 599 2572 ut
613 2529 677 2573 vox
692 2505 733 2572 de
749 2508 864 2572 llessia
875 2506 1128 2592 intelligeretur
1147 2508 1239 2576 diota
1249 2510 1444 2577 immediate
1455 2515 1489 2576 et
1502 2533 1567 2600 per

245 2637 298 2695 se,
321 2613 381 2680 sed
399 2614 511 2680 solum
534 2613 682 2699 intelligi
700 2614 809 2703 potuit
833 2634 873 2679 ex
891 2634 954 2678 usu
972 2618 1061 2679 etex
1078 2618 1130 2680 ΕΖ.
1155 2621 1258 2699 lala
1272 2624 1304 2683 et
1320 2624 1397 2696 t5,3
1420 2616 1566 2705 aliisque

248 2716 496 2812 prophetarum
517 2718 651 2787 indiciis
672 2719 715 2785 de
734 2724 850 2785 sancto
870 2718 1020 2807 quodam
1043 2720 1174 2810 templo
1195 2722 1232 2788 in
1247 2724 1306 2789 Dei
1329 2722 1565 2790 habitaculum

246 2825 476 2894 consecrando
500 2831 653 2915 tempore
675 2825 859 2907 messiano,
878 2825 970 2914 quod
995 2826 1163 2915 templum
1186 2828 1231 2895 ab
1257 2831 1330 2919 ipso
1352 2829 1468 2897 Messio
1493 2850 1566 2895 esse

245 2933 451 3021 erigendum
474 2931 654 2999 Zacharias
674 2930 890 3021 postmodum
907 2929 1031 2998 diserte
1048 2933 1153 2999 edixit
1171 2934 1293 3025 (affl).
1318 2936 1421 3015 Quale
1436 2938 1478 3002 sit
1499 2936 1566 3002 hoc
1638 3000 1640 3005 ,

245 3040 429 3129 templum,
447 3040 521 3128 ipsa
535 3039 734 3129 impletione
748 3039 958 3127 patefactum
975 3044 1041 3119 est3
1060 3060 1099 3105 ex
1118 3062 1188 3130 qua
1210 3042 1407 3132 impletione
1427 3064 1566 3132 quoquc
1681 3087 1684 3091 -

183 3171 186 3176 ’
202 3213 204 3220 ,
246 3146 407 3213 discimus
421 3168 489 3234 quo
503 3167 603 3213 sensu
619 3146 724 3213 verba
739 3132 800 3211 illa
811 3144 948 3211 valeant
967 3144 1009 3220 de
1023 3144 1173 3229 Christo,
1189 3150 1262 3215 soil.
1275 3152 1447 3217 Christum
1463 3150 1566 3215 intel-

246 3253 309 3339 ligi
322 3258 479 3342 oportere
500 3251 617 3320 eodem
633 3251 736 3318 modo
755 3274 824 3341 quo
839 3257 855 3317 1
868 3254 945 3317 Cor.
967 3257 1088 3332 lm:
1104 3255 1296 3322 sicutenim
1316 3278 1440 3347 corpus
1456 3278 1566 3323 unum

246 3372 297 3434 est
311 3372 344 3433 et
358 3366 515 3433 membra
534 3366 640 3432 habet
655 3366 783 3447 multa,
800 3364 918 3431 onmia
934 3369 1047 3431 autem
1065 3362 1221 3429 membra
1240 3363 1392 3451 corporis
1405 3384 1481 3429 cum
1496 3363 1568 3429 sint.

246 3473 371 3556 multa,
388 3495 497 3540 unum
517 3477 633 3539 tamen
650 3495 772 3563 corpus
787 3476 882 3552 sunt,
900 3471 998 3536 itaet
1014 3470 1177 3538 Christus.
1192 3470 1353 3536 Similiter
1367 3470 1566 3536 verberon-

247 3580 382 3671 eipiunt
400 3578 530 3663 Allz'oli,
547 3578 671 3647 Ree'alre
687 3579 698 3667 l
701 3602 736 3668 p.
759 3577 853 3665 258),
870 3576 1037 3643 Polmz'erz‘
1055 3578 1158 3643 etuti
1178 3575 1315 3643 videtur
1334 3578 1361 3641 Τ
1359 3577 1468 3657 rech„
1485 3597 1567 3642 cum

250 3689 445 3755 unctionem
469 3687 592 3752 Christi
612 3686 756 3775 explicet
773 3684 815 3750 de
831 3684 905 3750 eius
929 3684 1088 3750 missione
1105 3683 1226 3751 divina
1248 3688 1282 3750 et
1302 3682 1344 3751 de
1363 3683 1567 3751 fundatione

248 3795 427 3861 Ecclesiae.

291 3998 466 4060 Theodotio
481 3999 541 4058 rite
556 3998 651 4058 vertit
667 4003 712 4055 τοῦ
733 4006 827 4077 χρῖσαι
841 3999 916 4076 ἅγιον
930 3997 1026 4077 ἁγίων,
1050 3999 1126 4059 LXX
1146 4001 1255 4058 autem
1278 3996 1325 4055 md
1340 3997 1467 4077 εὐφρᾶναι
1491 3996 1568 4077 ἅγιον

250 4098 349 4174 tylon
366 4098 405 4157 cl.
421 4100 500 4164 nnio
511 4114 569 4175 pro
585 4094 684 4161 nun?
697 4099 740 4155 Ex
754 4098 918 4157 veteribus
933 4102 1043 4172 auctor
1058 4096 1163 4175 operis
1178 4113 1184 4155 :
1202 4096 1315 4174 Incipit
1330 4096 1486 4175 expositio
1503 4094 1570 4155 bis-

252 4196 331 4256 sexti
348 4195 443 4276 (inter
458 4212 554 4274 opera
569 4193 599 4254 S.
617 4194 781 4273 Cypriani;
797 4186 845 4254 vel
861 4196 956 4255 etiam
972 4214 978 4253 :
996 4193 1122 4255 Caecilii
1137 4194 1285 4273 Cypriani
1299 4194 1337 4253 de
1354 4194 1468 4273 pascha
1480 4210 1569 4254 com-

252 4298 347 4371 putus
363 4294 504 4368 inchoat;
527 4294 567 4353 Μ.
587 4291 766 4371 aem-968)
783 4294 915 4371 praebet
932 4311 939 4351 :
955 4298 989 4353 ut
1002 4296 1138 4370 ungatur
1154 4298 1298 4352 sanctum
1319 4298 1516 4363 sanctorum,
1535 4297 1568 4353 et

251 4392 388 4468 explicat
403 4391 442 4451 de
463 4392 584 4469 templo
606 4390 888 4467 hierosolymitano
910 4390 1026 4451 iterum
1049 4394 1233 4451 exstructo:
1252 4411 1267 4444 (ι
1286 4390 1441 4468 templum
1457 4406 1514 4469 per
1527 4392 1569 4451 lt}

283 4682 305 4725 1.
321 4674 481 4737 Quandoque
496 4686 542 4737 pro
556 4687 586 4722 ea
604 4673 709 4723 notione
723 4673 749 4722 in
767 4672 881 4723 medium
901 4669 1029 4735 profertur
1052 4678 1060 4721 l
1084 4672 1179 4723 Chrou.
1200 4675 1287 4732 93,13;
1302 4673 1329 4721 at
1345 4670 1369 4721 id
1391 4686 1420 4723 eo
1442 4671 1497 4722 loco
1513 4687 1569 4725 non

251 4753 386 4820 probatur,
401 4766 484 4817 neque
495 4766 510 4802 a
523 4754 585 4801 Lxx
601 4766 682 4817 neque
694 4752 768 4815 vulp.
778 4751 821 4801 illa
838 4752 952 4817 acceptio
965 4752 1109 4816 praebetur,
1127 4752 1171 4803 sod
1185 4758 1227 4803 τοῦ
1241 4753 1386 4817 transturas
1403 4753 1462 4817 ἅγια
1476 4754 1567 4816 ἁγίων.
