3550 5367
778 402 856 458 Dan.
881 402 910 470 5,
936 402 1031 460 13-16

252 545 333 610 lacit
354 566 507 612 errorem
526 547 710 613 scientibus
724 570 749 614 s.
777 549 973 639 scripturae
988 550 1267 617 cousuetudinem
1285 572 1353 640 qua
1367 556 1480 640 patres
1494 573 1566 629 om·
1597 549 1765 630 tsi

251 672 312 717 nes
331 653 451 740 proavi
472 658 506 718 et
527 653 673 720 maiores
692 658 856 721 vocantur
873 684 888 714 u
908 657 1135 745 (quaestiones
1150 657 1185 722 in
1201 661 1301 738 Dan.;
1324 660 1371 723 ll.
1390 657 1565 748 ecastr).
1589 671 1603 697 ¹³
1617 644 1765 745 ”μγςχἶ

602 875 627 946 d)
648 879 826 943 Scriptura
846 876 1086 945 explteatur's.
1112 881 1226 933 13-31.

297 1060 414 1148 Verbis
428 1083 564 1151 quoque
581 1063 670 1148 regis
686 1063 844 1151 proditur
860 1065 1031 1131 Danielem
1045 1067 1121 1151 regi
1138 1088 1208 1132 esse
1224 1065 1458 1151 incognitum
1476 1089 1508 1132 v.
1528 1073 1569 1132 13
1625 1115 1674 1141 i
1717 1095 1729 1112 ··
1745 1042 1750 1055 ’

256 1194 270 1225 a
292 1158 401 1255 lp'r'tur
424 1166 638 1234 introductas
658 1181 707 1235 est
726 1170 851 1236 Daniel
874 1192 988 1236 eoram
1009 1191 1106 1259 reqe;
1130 1171 1178 1237 ad
1194 1194 1295 1261 quem
1313 1174 1489 1261 praefatus
1511 1193 1572 1238 rea
1587 1212 1595 1240 ι,
1673 1207 1704 1232 a

252 1273 326 1338 ait:
343 1285 380 1338 ta
395 1295 429 1339 es
447 1274 573 1340 Daniel
587 1273 629 1340 de
644 1275 727 1362 fillis
744 1276 954 1365 captiuitatis
967 1276 1076 1343 Iadae
1092 1299 1192 1367 quern
1208 1277 1354 1344 addimit
1361 1290 1463 1368 pater
1477 1299 1572 1344 areas
1591 1283 1598 1295 ”
1612 1259 1763 1368 {silim

253 1400 314 1444 rea
328 1378 370 1445 cle
394 1378 547 1446 Iudaea?
562 1402 593 1446 v.
618 1381 896 1449 taratantara
917 1382 1082 1472 quoniam
1102 1384 1260 1471 spiritum
1282 1383 1421 1449 deorum
1445 1381 1572 1451 labeas
1603 1362 1762 1480 ,

252 1498 285 1551 ιι
297 1485 436 1552 seientia
450 1485 740 1576 intellipentr'aqae
756 1510 796 1553 ac
807 1489 977 1578 sapientia
994 1489 1177 1578 ampliores
1194 1490 1350 1555 r'neentae
1364 1501 1444 1556 sient
1461 1489 1497 1555 r'n
1521 1502 1572 1572 te,·
1614 1477 1707 1582 ”ζῖζί
1720 1524 1750 1575 ‹2ss

252 1595 344 1659 v.'15
369 1603 401 1657 ιι
424 1615 515 1658 necne
538 1593 734 1683 introgressi
753 1607 832 1661 sant
850 1595 886 1661 r'n
912 1609 1091 1686 conspecta
1114 1618 1188 1661 meo
1211 1596 1380 1685 sapientes
1403 1596 1508 1685 mapz',
1534 1608 1573 1661 at

252 1700 459 1787 scripturam
479 1700 569 1765 tanc
594 1700 743 1790 leperent
764 1714 797 1767 et
811 1701 1125 1791 interpretationem
1142 1703 1212 1768 elas
1232 1702 1422 1768 indicarent
1434 1701 1522 1769 rnr'lrr'
1539 1714 1573 1768 et
1635 1697 1728 1801 ⁴

185 1894 186 1897 Ἴ
252 1806 617 1894 neqra'aerantseruarn
630 1807 903 1874 lrar'assermonr‘s
914 1809 1066 1892 edicere;
1077 1832 1110 1874 v.
1127 1815 1168 1875 ts
1174 1831 1278 1897 porro
1289 1831 1349 1898 eqo
1360 1807 1570 1875 aadivz'dete
1602 1789 1749 1899 ᾗ

203 1904 206 1911 ’
252 1910 456 2001 quodpossr‘s
470 1911 612 1978 obscena
622 1913 841 2003 interpretari
853 1925 886 1979 ιι
897 1914 1003 2003 lipata
1016 1914 1194 1982 dissolvere
1203 1937 1215 1995 ;
1229 1915 1258 1980 si
1272 1938 1349 2004 erpo
1364 1915 1457 1981 vales
1467 1914 1573 2004 scrr‘p·
1649 1902 1753 2011 ξιξ]

253 2030 366 2083 taram
385 2018 493 2106 leqere
513 2030 544 2085 et
556 2019 865 2108 intepretationem
878 2021 951 2086 elus
965 2020 1116 2088 indicare
1133 2020 1239 2101 milri,
1249 2043 1412 2110 perpetra
1422 2021 1573 2087 vestieris
1622 2080 1625 2084 .
1644 2021 1754 2053 ¹

252 2135 285 2189 ιι
304 2136 459 2210 torquem
480 2147 620 2191 auream
637 2126 727 2191 eirca
745 2125 870 2192 collam
887 2139 984 2193 taam
999 2126 1136 2194 habebis
1150 2140 1182 2193 ιι
1196 2128 1314 2194 tertias
1329 2128 1364 2194 r'a
1379 2150 1481 2217 reqno
1495 2148 1570 2193 rneo
1640 2116 1687 2198 252

247 2231 411 2320 princeps
430 2233 493 2298 eris
510 2253 545 2312 »3
562 2270 605 2282 -
622 2231 714 2298 unde
733 2225 902 2320 originem
919 2234 1065 2300 Danielis
1080 2234 1158 2316 scit,
1183 2233 1225 2300 de
1250 2256 1319 2322 qua
1337 2233 1428 2300 nihil
1451 2235 1572 2318 regina
1611 2219 1623 2324 J

253 2337 407 2404 dixerat?
422 2359 501 2404 cum
517 2339 639 2425 regina
652 2361 776 2406 nomen
791 2340 934 2407 interret
948 2341 1065 2408 Daniel
1081 2347 1114 2407 et
1128 2341 1279 2407 nominis
1290 2341 1412 2407 mutati
1427 2340 1571 2406 mentio·
1700 2337 1712 2429 „¹

254 2466 349 2526 nem,
371 2467 430 2511 rex
446 2467 562 2541 rerum
588 2445 651 2511 sub
672 2467 754 2532 rege
776 2468 904 2533 magno
921 2452 1094 2534 gestarum
1113 2446 1208 2513 haud
1229 2448 1331 2537 plane
1352 2448 1510 2533 ignarus,
1534 2445 1570 2511 id
1630 2449 1632 2452 ’

253 2551 415 2638 colligere
439 2556 587 2641 poterat;
612 2552 665 2618 vel
689 2554 716 2618 si
739 2553 789 2619 rei
814 2554 932 2620 olima
956 2553 1093 2620 Daniele
1112 2554 1293 2643 praestitae
1314 2553 1425 2619 solum
1445 2551 1572 2618 oblitus
1631 2538 1670 2637 ,Ὗ

253 2663 343 2738 erat,
361 2680 515 2725 sermone
538 2660 679 2749 reginae
705 2661 871 2726 memoria
886 2660 958 2726 eius
972 2659 1134 2726 refricata
1148 2666 1207 2727 est.
1229 2666 1274 2726 Ex
1290 2683 1329 2726 ιο
1344 2665 1458 2727 autem
1479 2658 1572 2748 quod
1635 2675 1640 2683 '
1668 2641 1767 2721 ²⁴⁴

252 2786 346 2831 nnnc
367 2786 447 2831 eum
469 2764 560 2831 dieat
581 2764 693 2832 filium
708 2767 915 2855 captivitatis
932 2766 1056 2833 ludae¹
1072 2766 1199 2833 inferre
1216 2766 1387 2832 Danielem
1408 2766 1484 2852 regi
1499 2787 1572 2832 om·
1656 2827 1659 2835 .

254 2873 336 2937 nino
350 2877 468 2938 notum
482 2872 602 2952 luisse,
618 2895 658 2938 ex
672 2874 746 2962 ipsa
760 2874 1027 2959 interrogatione
1043 2880 1076 2939 et
1089 2871 1191 2938 modo
1210 2871 1375 2962 loquendi
1393 2872 1515 2939 attelabi
1531 2871 1572 2937 de
1631 2921 1641 2936 ..
1664 2857 1761 2969 ''lli-{⁴³

254 2991 285 3044 te
301 2982 363 3044 etc.
390 2977 593 3044 excluditur.
621 2977 672 3045 Ad
692 3001 764 3045 rem
784 2985 880 3045 notat
895 2978 1004 3047 Mald.
1023 3001 1034 3044 :
1053 3009 1067 3038 «
1095 3001 1164 3045 non
1184 2980 1293 3045 solum
1312 2985 1489 3067 tamquam
1509 2978 1572 3043 ho·
1690 2973 1696 2985 ’

254 3084 382 3150 minem
400 3085 560 3170 ignotum
580 3085 641 3151 sed
663 3106 788 3174 parum
805 3070 910 3152 etiam
927 3086 1114 3152 honorifice
1132 3105 1211 3151 eum
1230 3084 1428 3173 alloquitur,
1455 3089 1572 3149 contra
1663 3158 1665 3168 Ι

235 3242 237 3245 -
253 3213 358 3281 quam
378 3192 505 3258 fecerat
518 3190 826 3259 Nabuchodonosor
840 3198 909 3273 tati,
923 3214 962 3257 ex
978 3214 1047 3280 qua
1064 3214 1100 3257 re
1110 3191 1192 3257 lieet
1208 3191 1379 3257 diversum
1394 3191 1572 3278 utriusque

253 3299 346 3384 regis
361 3298 541 3384 ingenium
556 3319 759 3384 cognoscere
779 3326 809 3364 ».
828 3303 943 3385 Neque
956 3296 1036 3363 deos
1050 3303 1147 3364 vocat
1166 3309 1297 3363 sanetas
1313 3319 1383 3386 qua
1402 3296 1571 3363 reverenti

254 3404 480 3493 appellatione
504 3404 625 3491 regina
645 3410 760 3470 tamen
784 3405 972 3493 praeierat;
993 3405 1028 3470 in
1051 3419 1120 3492 qua
1139 3404 1319 3470 omissione
1340 3403 1489 3469 indolem
1511 3402 1570 3467 de·
1655 3399 1658 3403 ’
1743 3396 1766 3475 {l

290 3703 309 3746 t.
326 3699 385 3746 Rem
402 3697 438 3746 ita
450 3696 570 3760 expendit
585 3696 652 3747 Heli.
669 3713 678 3747 :
696 3715 707 3745 r
723 3711 807 3761 regem
826 3711 887 3746 sano
905 3712 955 3746 non
977 3696 1053 3746 tatuit
1075 3697 1116 3746 ari
1132 3697 1173 3746 sui
1192 3695 1428 3746 Nabuchodonosor
1442 3695 1572 3745 humilise

254 3775 319 3826 sotio
333 3777 442 3826 deiectio
454 3779 539 3840 tedet.
554 3777 616 3826 lude
633 3780 717 3827 tamen
734 3777 838 3826 minime
853 3777 972 3840 sequitur
988 3777 1119 3826 Danielem
1135 3777 1181 3840 qui
1200 3777 1248 3825 hoo
1267 3777 1292 3825 tn
1309 3775 1410 3838 amotio
1424 3774 1572 3837 interpretis

254 3861 358 3906 tantum
370 3871 475 3907 munere
487 3858 590 3906 tanetus
602 3863 656 3907 erat
667 3856 698 3906 ad
711 3857 791 3921 ipsius
802 3857 920 3907 notitiam
937 3858 1091 3921 pervenisse.
1104 3856 1201 3907 ttullibi
1213 3857 1319 3919 insuper
1327 3855 1451 3906 asseritur
1465 3854 1571 3919 prophe·

254 3941 307 3987 tam
324 3952 368 4001 per
384 3951 471 3988 rerum
481 3937 632 3987 discrimina
643 3937 740 4001 quibus
751 3942 855 3987 mortuo
865 3938 1102 3988 Nabuchodonosor
1111 3951 1216 4001 regnum
1232 3936 1413 4000 babylonicum
1427 3934 1570 3985 obnoxium

254 4018 353 4077 luerat,
367 4017 506 4081 pristinum
523 4031 598 4066 suum
620 4017 704 4066 locum
723 4030 838 4067 servasse
849 4038 855 4077 ;
868 4018 905 4066 ita
923 4016 1008 4066 lursan
1026 4017 1148 4067 acciderit
1168 4021 1198 4066 ut
1217 4015 1346 4066 Baltassar
1361 4015 1446 4078 ipsum
1465 4028 1573 4077 prorsus
1666 4078 1669 4081 Ι
1703 4075 1706 4082 Ι
1737 4055 1741 4073 ,
1765 4021 1766 4086 j

254 4097 330 4147 etiam
341 4097 505 4160 ignoraverit.
520 4097 635 4146 Parrasi
651 4097 792 4146 contendas
807 4098 956 4160 prophetam
971 4098 997 4147 iu
1012 4096 1071 4145 aula
1087 4096 1237 4160 babylonica
1253 4095 1389 4154 mansisse,
1402 4095 1481 4144 alium
1497 4095 1575 4145 etiam
1765 4089 1766 4101 ¹

255 4179 358 4227 modum
373 4179 461 4228 omnia
475 4177 644 4241 componendi
663 4177 714 4241 ipse
731 4181 819 4227 teitus
835 4181 921 4226 noster
933 4177 1085 4242 suppeditat.
1101 4176 1188 4227 lunuit
1202 4176 1271 4226 enim
1286 4176 1372 4239 regina
1400 4176 1482 4226 tilium
1499 4190 1574 4225 suum

255 4255 387 4322 alloquens
400 4256 500 4308 Danieli
510 4272 600 4308 nomen
614 4258 764 4321 impositum
775 4272 830 4308 esse
840 4255 977 4319 Baltassar,
990 4272 1035 4307 rex
1049 4271 1111 4307 vero
1122 4257 1275 4321 prophetam
1287 4257 1430 4320 interrogat
1439 4258 1506 4307 sitne
1520 4257 1574 4320 ipse

254 4336 342 4388 Daniel
353 4338 385 4388 de
394 4339 618 4402 filiiscaptiritatis
628 4339 714 4389 tudae.
726 4339 793 4388 Hinc
800 4338 911 4402 suspicio
923 4338 1006 4388 oritur
1016 4339 1071 4389 tieri
1082 4337 1205 4402 potuisse,
1218 4340 1246 4387 ut
1258 4352 1303 4387 rex
1319 4337 1351 4387 de
1361 4337 1476 4388 Danielis
1487 4336 1575 4386 ludaei

256 4417 317 4467 olim
331 4419 462 4483 sapienter
474 4419 550 4470 dictis
569 4423 595 4470 et
615 4418 689 4469 lactis
709 4418 835 4483 quaedam
850 4418 993 4476 audiverit,
1014 4419 1091 4468 simut
1108 4418 1186 4469 etiam
1205 4418 1368 4481 aliquatenus
1385 4419 1487 4468 noverit
1502 4417 1575 4466 aulae

257 4513 318 4551 suae
327 4501 500 4564 praepositum
509 4501 551 4551 cui
563 4514 657 4552 nomeu
672 4500 809 4561 Daltassm,
823 4498 979 4562 ignoraverit
992 4503 1077 4549 tanren
1088 4500 1159 4549 hunc
1169 4498 1254 4548 virum
1267 4498 1374 4549 eundem
1388 4513 1512 4548 esserum
1524 4501 1575 4545 Da·

258 4581 324 4631 niele
341 4581 442 4631 Iudaeo.
457 4583 572 4645 Spectata
584 4581 652 4630 enim
664 4580 749 4630 indole
763 4579 876 4631 Danielis
888 4580 1034 4643 principum
1048 4579 1146 4628 favoris
1157 4579 1263 4628 minime
1277 4578 1402 4635 studiosi.
1414 4583 1526 4642 spectata
1541 4577 1574 4625 si·

258 4661 310 4711 mul
325 4674 411 4712 rerum
427 4660 620 4724 perturbatione
631 4659 799 4723 regnantibus
811 4661 923 4710 alcissim
941 4657 1151 4721 Eritmerodach,
1165 4659 1323 4722 Neriglissor,
1338 4656 1578 4709 Laborosoarchodo

256 4757 284 4792 ae
298 4743 438 4792 Nahouedo
452 4741 581 4806 Babylone
593 4744 689 4800 exorta,
704 4740 869 4791 manifestum
886 4744 926 4791 est
942 4739 1007 4790 hanc
1019 4739 1182 4805 hypothesim
1200 4740 1270 4789 nulla
1287 4740 1403 4789 veritatis
1419 4739 1501 4801 specte
1520 4750 1578 4784 esse

261 4823 409 4873 destitutam
420 4840 443 4872 r.
