3550 5367
1465 336 1618 394 DAN.
1667 336 1724 404 8,
1777 337 1957 394 17-18
2905 339 2969 395 ΕΙ
2989 339 3021 391 Τ

393 483 883 573 persecutionis
912 483 1094 549 illius
1125 505 1203 549 ac
1242 484 1631 550 vexationis,
1668 487 1758 549 Ex
1797 485 1982 550 hisce
2008 485 2215 550 etiam
2245 484 2476 570 colligi
2511 491 2781 574 opertet
2809 487 3021 551 nutiu-

393 612 551 656 nem
586 590 913 679 temporis
957 590 1135 658 finis,
1188 591 1601 676 Intelligitur
1653 592 1883 680 itaque
1931 595 2309 656 extremum
2349 590 2523 657 illud
2571 595 3025 679 appi-assimilis

393 703 667 785 tempus
708 696 891 785 quod
931 702 1082 785 post
1120 696 1262 763 dies
1304 698 1552 763 multos
1590 697 1901 764 futurum
1937 699 2023 762 sit
2066 703 2133 763 et
2168 697 2350 786 quod
2389 698 2589 763 simul
2625 707 2721 763 est
2757 707 3025 787 tempus

392 802 717 869 ultimum
747 803 946 889 regni
975 804 1158 869 tertii
1184 809 1251 869 et
1280 809 1430 891 post
1459 803 1644 892 quod
1687 805 1927 893 incipit
1956 810 2225 893 tempus
2254 805 2452 889 regni
2495 807 2717 894 quarti
2761 811 2821 871 ct
2861 827 3025 871 cun*

390 916 756 998 sequenter
784 931 1059 998 quoque
1088 908 1175 975 ad
1207 914 1365 990 2&AE
1404 915 1672 999 tempus
1702 910 1904 996 regni
1937 907 2276 976 messiani.
2310 915 2476 976 Nam
2505 911 2725 999 qualis
2753 911 2833 975 sit
2877 911 3025 975 finis

391 1015 503 1080 vel
537 1015 704 1104 quid
727 1016 812 1081 sit
850 1017 1170 1082 ultimum
1194 1022 1464 1105 tempus
1488 1069 1503 1097 ‚
1535 1016 1793 1105 ubique
1822 1022 2089 1106 oportet
2118 1017 2444 1105 explicari
2481 1039 2613 1083 nou
2646 1019 2713 1083 in
2757 1019 3025 1083 univer÷

392 1144 579 1202 sum,
611 1121 732 1187 sed
779 1143 858 1188 ex
902 1123 1165 1188 ratione
1212 1123 1614 1211 particulari
1658 1123 2190 1211 uniuscuiusque
2238 1123 2519 1189 visionis
2553 1123 3017 1211 propheticae.

393 1230 566 1293 Haec
596 1228 769 1293 ratio
808 1233 1038 1295 autem
1076 1228 1465 1315 colligenda
1503 1234 1602 1294 est
1638 1251 1716 1294 ex
1760 1250 2029 1295 summa
2061 1250 2292 1295 rerum
2331 1228 2605 1295 illarum
2645 1255 2817 1315 quac
2861 1255 3021 1315 pru*

391 1333 642 1422 phetae
673 1341 1298 1424 repraesentantur.
1336 1341 1427 1402 Eo
1458 1336 1642 1400 enim
1672 1335 2028 1424 complexu
2068 1340 2332 1402 certum
2370 1333 2713 1423 quoddam
2761 1343 3025 1423 tempus

394 1442 857 1521 constituitur,
891 1442 1083 1508 cuius
1115 1449 1415 1508 extrema
1457 1464 1614 1530 pars
1652 1449 1834 1525 recte
1872 1443 2026 1508 finis
2055 1442 2442 1531 appellatur
2483 1443 2745 1507 ratione
2789 1443 3021 1507 habita

390 1546 693 1613 visionis.
733 1553 948 1625 Quare
981 1570 1345 1638 perperam
1385 1550 1498 1614 hic
1528 1549 1740 1637 aliqui
1790 1550 2116 1636 ingerunt
2154 1548 2360 1614 finem
2400 1570 2626 1614 rerum
2677 1551 3017 1623 numium.

392 1653 599 1718 finem
635 1655 831 1739 regni
864 1655 1179 1720 messiani
1211 1656 1565 1721 terrestris,
1595 1659 1826 1743 Neque
1857 1655 2040 1722 enim
2079 1656 2248 1721 visio
2291 1655 2661 1744 prophetae
2693 1655 2921 1719 oblatu
2953 1655 3021 1719 in

389 1781 605 1845 regno
632 1760 1029 1826 versabatur
1048 1762 1409 1841 messianO,
1446 1783 1685 1827 verum
1713 1763 1934 1828 solum
1955 1762 2031 1828 in
2046 1784 2264 1848 regno
2285 1761 2577 1827 secundo
2597 1767 2801 1851 atquc
2825 1763 3025 1827 tert-iu

390 1870 596 1954 atque
635 1867 706 1932 in
738 1867 819 1933 iis
853 1889 1028 1955 quae
1068 1890 1148 1933 ex
1191 1890 1405 1953 regno
1437 1870 1635 1934 tertio
1681 1875 1837 1934 sunt
1878 1868 2190 1935 oriunda.
2236 1867 2423 1934 Unde
2454 1869 2621 1935 sicut
2669 1871 2805 1931 istis
2853 1871 3021 1931 visin

391 1971 828 2039 concluditur
872 1973 1042 2040 haec
1094 1979 1159 2040 et
1201 1974 1601 2058 absolvitur,
1650 1975 1748 2041 ita
1786 1976 1941 2040 finis
1973 1996 2108 2041 non
2162 1976 2237 2040 in
2284 1974 2681 2041 universum
2729 1975 3017 2059 intelligi

387 2083 639 2167 potest,
672 2079 787 2145 sed
822 2080 1057 2146 habita
1090 2082 1352 2147 ratione
1383 2102 1614 2146 rerum
1646 2082 1904 2147 visione
1938 2080 2420 2147 exhibitarum.

483 2186 660 2251 Finis
681 2192 906 2252 nostro
927 2187 1069 2252 loco
1095 2187 1441 2259 deultimo
1464 2192 1768 2275 tempore
1796 2188 2132 2253 messiano
2152 2186 2449 2273 intelligi
2471 2208 2551 2251 eo
2577 2187 2790 2251 salum
2821 2207 3017 2251 seusu

387 2296 613 2381 potest
646 2300 983 2382 quatenus
1031 2317 1246 2360 cornu
1301 2295 1465 2376 hoc,
1517 2294 1924 2376 AntiochuS,
1968 2299 2172 2384 typus
2220 2298 2317 2359 est
2362 2314 2572 2360 cornu
2617 2291 2797 2359 illius
2837 2291 3017 2379 quud

390 2420 426 2465 e
459 2398 687 2465 medio
721 2398 956 2467 decem
987 2423 1319 2466 cornuum
1351 2407 1499 2490 post
1534 2423 1826 2486 regnum
1860 2405 2184 2490 quartum
2224 2406 2321 2466 est
2360 2402 2729 2479 oriturum;
2769 2399 2849 2463 dr.
2885 2423 3017 2487 quc

389 2512 532 2585 7,8.
579 2513 698 2587 253
736 2529 870 2595 quo
916 2529 1128 2574 cornu
1168 2507 1606 2574 antichristus
1638 2506 2065 2593 designatur.
2101 2513 2597 2598 Atqueprevera
2641 2527 2849 2571 cornu
2889 2507 3017 2571 huc

388 2633 543 2702 cap.
588 2619 627 2679 8
658 2614 752 2679 ita
781 2613 1211 2692 describitur,
1248 2619 1321 2679 ut
1349 2614 1581 2703 aliqua
1616 2635 1770 2680 cum
1804 2615 1923 2680 illo
1964 2612 2340 2681 similitudo
2368 2614 2645 2680 omniur·
2677 2615 2761 2679 sit
2797 2615 3017 2679 mani-

385 2718 558 2784 festa,
599 2743 613 2784 :
661 2719 1006 2809 oppressio
1034 2725 1426 2786 sanctorum
1456 2721 1573 2787 Dei
1618 2726 1684 2786 et
1730 2721 2096 2788 insolentia
2132 2722 2202 2786 in
2245 2723 2469 2810 ipsum
2499 2725 2705 2786 Deum
2749 2723 3013 2807 utrique

388 2825 842 2908 adscribitur3
873 2830 1242 2915 utrumque
1288 2849 1561 2916 quoquc
1594 2827 1955 2893 conabitur
1983 2828 2220 2893 tollere
2258 2828 2515 2894 cultum
2555 2831 2701 2907 Ηώς
2749 2827 3017 2915 utrique

392 2933 732 2998 vexationi
762 2938 1024 2999 certum
1059 2938 1331 3022 tempus
1366 2956 1408 2999 a
1443 2934 1729 2999 Domino
1772 2933 2202 3022 praefigitur.
2255 2938 2398 3010 Qua
2437 2934 2877 2999 similitudine
2909 2935 3021 2995 via

384 3039 716 3105 sternitur
746 3039 832 3106 ad
868 3040 1213 3106 notionem
1244 3041 1391 3128 typi
1422 3040 1971 3129 concipiendam.
2005 3045 2237 3127 Neque
2273 3046 2504 3107 tamen
2533 3042 2581 3104 si
2597 3039 2761 3103 milit
2777 3039 2909 3103 udo
2941 3059 3017 3103 aa

384 3151 509 3225 est,
546 3152 620 3211 ut
649 3146 834 3211 hisce
876 3147 1044 3213 locis
1070 3168 1281 3212 unum
1323 3146 1643 3234 idemque
1676 3168 1891 3211 cornu
1923 3146 2374 3212 describatur.
2405 3144 2601 3210 Aliud
2637 3147 3021 3223 assignatur

384 3257 682 3341 utroque
719 3252 867 3319 loco
912 3259 1184 3342 tempus
1226 3276 1241 3320 ε
1280 3260 1602 3341 quartum
1637 3273 1930 3337 regnum
1976 3274 2126 3340 cap.
2178 3259 2242 3332 7,
2278 3274 2430 3340 cap.
2464 3257 2504 3317 8
2540 3251 2849 3316 tertium:
2885 3251 3017 3315 alia

386 3360 590 3445 origo
624 3382 639 3428 :
672 3359 770 3425 ihi
799 3359 870 3424 in
899 3358 1126 3425 medio
1148 3380 1483 3426 cornuum
1516 3358 1775 3440 decem,
1800 3360 1914 3424 hic
1946 3358 2029 3423 de
2061 3380 2199 3424 uno
2218 3380 2297 3423 ex
2317 3363 2641 3446 quattuor
2665 3359 3017 3435 curnilnffi3

387 3463 526 3530 alia
571 3465 922 3532 facinora:
959 3465 1057 3531 ibi
1088 3486 1436 3531 sermones
1464 3466 1536 3530 in
1584 3470 1798 3531 Deum
1844 3469 1909 3530 et
1941 3470 2218 3530 conatus
2265 3464 2577 3530 mutandi
2621 3471 2923 3551 tempera
2957 3471 3025 3527 et

384 3571 608 3657 legeS,
642 3572 755 3638 hic
795 3571 1079 3638 deiectio
1120 3573 1523 3649 sanctuarii3
1552 3572 1725 3639 alius
1752 3572 2073 3638 interitus
2106 3593 2120 3639 :
2153 3570 2251 3637 ibi
2291 3570 2617 3638 iudicium
2656 3575 2761 3635 ilci
2805 3579 2869 3635 ct.
2901 3571 3021 3635 ad-

384 3685 629 3744 ventus
664 3678 787 3744 filii
819 3679 1117 3745 hominis
1147 3680 1216 3745 in
1251 3679 1552 3746 nubibus
1585 3679 1790 3759 coeli,
1836 3678 1949 3745 hic
1979 3677 2123 3744 sine
2156 3665 2366 3745 manu
2392 3683 2777 3744 conteretur
2809 3699 2869 3743 v.
2905 3683 3013 3743 Ξῖ).

388 3788 611 3861 Quare
658 3808 737 3850 ex
777 3787 859 3851 iis
902 3808 1076 3874 quae
1124 3786 1373 3852 similia
1414 3791 1572 3851 sunt
1611 3789 1853 3875 typum
1894 3807 2134 3851 eruere
2173 3785 2415 3851 merito
2454 3806 2841 3874 possumus„
2889 3783 3021 3847 illis

387 3914 563 3981 quae
604 3897 763 3957 sunt
792 3891 1148 3958 dissimilia
1174 3914 1559 3974 monemur,
1600 3913 1687 3958 ne
1721 3892 1805 3958 de
1837 3915 1973 3959 uno
2005 3892 2148 3958 solo
2192 3913 2572 3958 sermonem
2613 3891 2754 3955 lieri
2805 3891 3021 3955 existi-

384 4019 676 4064 memus,
723 4002 942 4065 Potest
983 3999 1214 4088 itaque
1262 3999 1430 4064 visio
1480 3999 1651 4065 haec
1692 3998 1902 4064 finem
1945 4004 2251 4087 spectare
2293 3999 2617 4087 temporis
2669 3999 3017 4075 messiani,

385 4105 554 4193 quia
591 4106 661 4170 in
692 4105 998 4192 imagine
1036 4104 1337 4195 quadam
1368 4111 1434 4170 et
1478 4105 1708 4190 figura
1748 4127 1831 4170 ea
1868 4127 2143 4193 quoque
2187 4104 2689 4170 adumbrantur
2733 4127 2905 4191 quar.
2941 4127 3021 4167 en

382 4218 694 4300 tempore
727 4217 1053 4278 eventura
1093 4234 1233 4278 esse
1265 4214 1406 4278 iam
1446 4234 1596 4301 cap.
1634 4219 1673 4277 7
1707 4210 1931 4277 edocti
1962 4233 2224 4293 sumus3
2260 4209 2519 4277 accedit
2547 4211 2725 4297 quud
2765 4211 2841 4275 ad
2873 4235 3017 4275 earu

384 4315 1002 4383 considerationem
1049 4318 1198 4407 ipsa
1245 4318 1364 4384 illa
1405 4316 1859 4384 similitudine
1905 4316 2374 4407 descriptionis
2422 4322 2486 4382 et
2525 4319 2761 4381 eudem
2817 4339 3021 4379 mmm

383 4423 666 4490 nomine
699 4424 1091 4491 invitamur.

477 4531 583 4597 Uti
613 4531 1027 4619 apparitioni
1070 4531 1321 4618 angeli*
1353 4556 1415 4598 v.
1467 4539 1571 4610 17,
1608 4532 1703 4596 ita
1735 4532 1878 4597 eius
1922 4552 2194 4619 quoque
2228 4531 2558 4595 locutioni
2589 4531 2777 4616 quasi
2825 4531 3019 4595 dahi-

384 4641 532 4702 tum
575 4638 996 4704 reverentiae
1045 4659 1291 4705 munus
1321 4638 1599 4704 exsolvit
1638 4660 1825 4706 sacro
1866 4636 2163 4725 quodam
2204 4638 2448 4703 timore
2479 4639 2789 4725 perfusus.
2825 4659 2885 4703 τ,
2941 4643 3017 4699 13

389 4771 424 4805 «
461 4765 747 4832 cumque
776 4744 1170 4834 loqueretur
1210 4744 1306 4811 ad
1343 4768 1483 4826 me,
1528 4745 1866 4834 collapsus
1894 4766 2045 4809 sum
2072 4765 2334 4833 pronus
2372 4743 2444 4810 in
2488 4756 2733 4810 tem-am
2769 4755 2829 4807 ri!
2869 4743 3017 4807 sexi-
