3550 5367
230 293 289 351 191
539 262 543 270 “
736 280 838 351 'ara
862 293 891 364 a,
916 292 1013 351 ar-aa

227 441 322 508 Unde
343 441 445 506 etiam
462 439 652 529 explicatur
675 462 737 506 cur
757 439 925 507 eiusmodi
944 460 1020 529 spes
1037 438 1087 505 'de
1111 438 1219 504 salute
1240 436 1372 503 Danieli
1395 440 1542 502 mentem

228 548 301 613 eius
321 546 480 627 subierit,
507 566 585 612 cum
603 546 737 612 noverit
762 568 866 635 quam
889 550 1083 612 constanter
1105 550 1138 610 et
1156 542 1304 611 fideliter
1325 542 1442 609 Daniel
1465 563 1542 609 eum

228 652 381 719 coluerit.
397 689 443 702 -
459 653 512 719 Uti
526 652 708 718 iuvenibus
727 652 765 718 in
780 652 919 719 fornace
935 658 1027 734 3‚t9,
1045 652 1092 717 ita
1109 648 1241 716 Danieli
1255 648 1385 715 adstitit
1399 648 1544 735 angelus

226 780 260 824 v.
274 765 315 824 21
332 784 349 820 «
366 769 398 824 et
410 757 534 823 Daniel
544 758 617 846 rapi
626 756 830 846 respondens
844 758 916 824 ait:
933 780 994 823 rea
1004 758 1041 823 in
1053 769 1229 823 oeternum
1246 755 1337 821 aiae!
1352 776 1385 821 v.
1400 760 1443 819 11
1457 754 1545 819 Dens

226 885 321 931 meas
335 864 427 929 1111911
447 864 608 952 9111911191
622 886 721 929 mum
745 877 778 930 et
796 864 962 930 conclusit
979 886 1040 929 oro
1060 863 1195 929 leonum
1217 874 1251 928 et
1264 882 1332 927 non
1356 872 1547 927 nocuerunt

226 972 325 1049 mihi,
344 970 428 1060 quio
441 992 557 1036 corum
573 992 611 1037 eo
626 970 758 1037 irntltio
772 971 910 1037 inuenta
923 984 973 1037 est
986 970 1022 1036 in
1036 992 1107 1051 me,
1127 968 1189 1035 sed
1208 981 1242 1035 et
1261 988 1374 1033 coram
1397 980 1446 1048 te,
1466 990 1543 1046 ren,

225 1076 388 1143 delictum
404 1100 474 1143 non
494 1078 565 1166 [eci
584 1081 619 1143 »t
638 1116 683 1127 -
696 1077 883 1167 alloquitur
902 1098 1020 1163 regem
1039 1076 1244 1143 salutatione
1264 1080 1441 1155 consueta3
1466 1074 1545 1140 vide

224 1183 269 1249 ad
283 1188 359 1251 Bar.
379 1191 455 1266 1‚11
479 1189 514 1248 et
530 1204 634 1271 supra
652 1190 725 1264 a,t;
747 1212 763 1243 a
780 1184 927 1263 honorat
951 1184 1178 1269 honorantem
1195 1202 1230 1247 se
1247 1208 1262 1241 »
1278 1180 1330 1269 (S.
1348 1180 1470 1269 Hier).
1490 1184 1544 1245 ln-

224 1291 315 1376 signi
336 1288 438 1355 modo
465 1293 552 1355 Deus
573 1290 804 1356 testimonium
830 1288 944 1356 reddit
971 1289 1185 1355 innocentiae
1205 1286 1349 1353 Danielis
1375 1285 1541 1352 miraculo

224 1394 444 1479 confirmans,
471 1395 564 1485 quod
582 1400 649 1462 Deo
668 1396 778 1482 magis
799 1402 936 1485 oportet
958 1417 1019 1461 uos
1039 1394 1181 1462 obedire
1203 1414 1307 1483 quam
1332 1392 1543 1459 hominibus

224 1503 319 1569 Salus
338 1503 424 1568 baec
443 1506 621 1591 tamquam
637 1502 832 1591 praemium
849 1508 883 1568 et
898 1524 1025 1569 corona
1040 1500 1245 1567 describitur
1259 1500 1406 1567 iustitiae
1421 1500 1543 1565 Danie-

223 1610 264 1675 lis
281 1615 314 1675 et
330 1609 403 1675 eius
419 1608 634 1675 firmissimae
647 1609 685 1674 in
698 1613 805 1675 Deum
819 1608 980 1689 fiduciae;
998 1630 1032 1675 v.
1051 1615 1093 1674 23
1113 1636 1129 1669 «
1150 1620 1231 1675 tune
1251 1607 1465 1673 veliementer
1485 1630 1545 1672 reu

222 1716 358 1805 quorsus
380 1727 430 1781 est
447 1737 549 1804 snper
564 1735 602 1780 eo
617 1727 651 1779 et
664 1714 841 1781 Danielem
850 1714 1028 1805 proecepit
1041 1712 1145 1781 edrici
1163 1713 1204 1780 dc
1225 1712 1325 1796 lacau
1339 1716 1546 1803 educatusque

224 1834 272 1887 est
292 1822 416 1888 Daniel
428 1821 469 1889 de
492 1821 570 1886 locu
584 1833 618 1887 et
636 1821 733 1889 nullo
754 1820 857 1887 laesio
870 1822 1007 1887 inuenta
1023 1834 1071 1887 est
1085 1821 1122 1886 in
1138 1842 1190 1901 eo,
1211 1819 1294 1908 quio
1314 1802 1458 1885 credidit
1476 1822 1543 1885 Deo

222 1950 283 1993 suo
306 1956 322 1989 u
335 1951 343 2010 ;
357 1965 402 1977 —
415 1928 458 1993 cf.
476 1934 574 2010 3‚9t;
595 1928 696 1995 llebr.
716 1933 816 2008 11,33
834 1949 921 2017 :per
941 1927 1045 2017 fidem
1064 1927 1312 1994 obturaverunt
1327 1947 1388 1991 ora
1405 1926 1543 1991 leonum

225 2034 347 2124 (Mold.
364 2036 483 2103 Sonat.
498 2036 588 2101 Μαν.
608 2034 674 2102 Cal
711 2033 748 2122 ..)

264 2259 425 2330 Quaerunt
434 2257 533 2334 aliqui
555 2274 618 2334 qua
630 2258 753 2317 ratione
766 2274 822 2317 ora
836 2256 967 2316 leonum
983 2257 1046 2315 sint
1062 2256 1220 2316 conclusa.
1240 2254 1322 2315 Sunt
1344 2256 1399 2331 qui
1415 2272 1546 2333 respon-

225 2357 320 2416 deant
333 2357 451 2417 samem
464 2372 522 2416 seu
535 2356 599 2415 eibi
611 2356 791 2433 appetitum
801 2356 840 2414 iis
853 2372 922 2414 9999
933 2352 1119 2432 ademptum
1130 2373 1137 2427 ;
1150 2371 1188 2415 eo
1203 2353 1334 2413 enimin
1347 2371 1422 2413 casu
1435 2352 1546 2413 leones

225 2454 259 2513 in
273 2453 420 2515 homines
431 2471 496 2512 non
511 2452 647 2525 saevira;
667 2476 681 2506 «
697 2452 777 2512 sorte
794 2452 890 2511 etiam
900 2453 1030 2530 angelus
1043 2452 1178 2511 mutavit
1189 2452 1321 2511 leonum
1332 2452 1542 2529 phantasiam,

224 2556 261 2611 ut
275 2549 550 2629 apprehenderent
560 2549 724 2609 Danielem
735 2554 771 2609 ut
782 2549 843 2608 sibi
856 2548 1095 2609 formidabilem
1115 2554 1147 2609 et
1157 2550 1309 2609 nocivum
1323 2570 1338 2604 n
1353 2547 1456 2626 (Tin).
1475 2549 1546 2609 Plu-

225 2649 314 2708 ribus
326 2648 360 2707 in
374 2664 445 2707 eam
457 2648 680 2724 quaestionem
695 2647 794 2707 etiam
807 2647 1002 2725 exspatiatur
1017 2646 1164 2707 ‹t'Enoteu
1180 2665 1210 2725 p.
1226 2648 1301 2719 523;
1319 2652 1430 2707 monet
1446 2649 1546 2707 Deum

226 2746 369 2825 potuisse
380 2745 548 2804 restituere
562 2744 684 2804 Danieli
700 2743 822 2821 aliquid
839 2762 877 2803 911
896 2744 952 2804 illa
966 2744 999 2803 in
1015 2761 1066 2805 res
1077 2762 1189 2805 omnes
1205 2748 1361 2823 potestate
1375 2762 1436 2821 qua
1450 2744 1546 2805 bomo
1603 2768 1605 2776 ⁸

227 2844 260 2902 in
274 2840 422 2922 paradiso
437 2839 601 2920 praeditus
618 2841 730 2912 suerit,
753 2841 830 2902 dum
850 2842 953 2903 oculis
970 2842 1110 2901 Danielis
1130 2842 1196 2901 vim
1217 2840 1376 2919 quandam
1394 2843 1548 2903 tribueret

225 2941 432 3003 fascinantem
447 2945 479 3000 91
494 2939 778 3016 supernaturalem.
796 2942 821 2999 N
825 2957 878 3000 um
891 2939 988 3017 igitur
1001 2940 1110 2999 Daniel
1126 2939 1237 3001 debuit
1251 2957 1309 3018 per
1319 2943 1419 3001 totam
1432 2946 1547 3001 noctem

227 3040 336 3099 leones
361 3037 460 3097 torvis
483 3037 585 3097 oeulis
605 3036 767 3115 aspicere?
789 3038 924 3116 Insuper
941 3040 1082 3097 moneta
1101 3038 1303 3115 serpentibus
1328 3038 1417 3115 quasi
1445 3037 1545 3116 quod-

228 3135 301 3197 dam
315 3135 470 3195 laseinum
486 3135 556 3194 aliis
571 3133 716 3195 bestiolis
731 3135 837 3212 inlici,
854 3135 893 3194 ab
909 3134 1161 3195 incantatoribus
1175 3135 1240 3194 vim
1258 3136 1417 3213 quandam
1432 3136 1546 3195 miram

228 3233 366 3295 exerceri
379 3233 412 3292 in
426 3236 588 3311 serpentes
604 3237 636 3292 et
648 3232 765 3291 bestias
777 3231 915 3303 feroces,
933 3232 1059 3309 aliquos
1075 3232 1143 3291 solo
1157 3236 1278 3293 attactu
1294 3236 1459 3311 serpentes
1472 3232 1545 3292 red-

228 3331 304 3392 dere
321 3319 505 3390 *immobiles
529 3333 561 3390 91
583 3328 686 3407 rigide
704 3333 844 3398 erectas;
866 3329 1080 3407 praeteream
1102 3330 1244 3390 medium
1259 3330 1352 3390 911911
1372 3349 1378 3389 ;
1398 3353 1412 3383 «
1430 3329 1451 3389 11
1467 3347 1546 3390 nous

229 3428 339 3489 sulfira
350 3444 430 3504 pour
442 3431 586 3487 montrer
605 3427 634 3486 la
656 3426 836 3504 possibilite
853 3425 893 3486 de
908 3426 938 3485 la
957 3427 1174 3505 preservation
1188 3426 1228 3486 de
1246 3427 1356 3487 Daniel
1370 3428 1410 3487 de
1426 3444 1545 3507 suppo-

229 3544 281 3587 ser
292 3542 353 3603 que
367 3541 420 3585 ces
430 3524 577 3583 animam
592 3523 699 3583 iurent
711 3524 952 3601 hypnotises3...
965 3541 1006 3583 on
1016 3526 1145 3583 connati
1157 3524 1212 3584 dos
1228 3528 1338 3603 agents
1352 3526 1406 3602 qui
1419 3542 1546 3585 comme

229 3623 258 3683 le
274 3622 484 3684 chlorolorme
496 3625 634 3698 peurent
649 3638 827 3698 pravoquer
837 3621 1041 3681 l'anesthesie
1052 3638 1094 3681 ou
1106 3620 1339 3682 l’tnsensihilite
1348 3623 1493 3701 partielle
1504 3640 1545 3682 ou

230 3738 365 3800 presque
387 3719 521 3779 totale...
540 3718 723 3779 Seulement
745 3719 767 3778 11
789 3719 857 3779 saut
875 3722 1076 3779 reconnaltre
1102 3736 1163 3796 que
1188 3704 1270 3781 cette
1293 3720 1490 3789 911991119919,
1510 3738 1547 3781 ce

230 3817 377 3879 sommeil
392 3816 526 3895 prolond
542 3816 589 3876 lut
602 3816 732 3894 produit
748 3834 821 3875 sans
837 3834 898 3893 quo
920 3817 948 3876 le
965 3816 1179 3877 chlorolorme
1195 3835 1235 3878 ou
1259 3822 1330 3879 tout
1344 3822 1432 3878 autre
1454 3826 1549 3897 agent

231 3936 264 3978 se
282 3916 386 3976 soient
408 3915 482 3974 faits
500 3915 546 3974 les
570 3914 755 3974 auxiliaires
781 3914 820 3973 de
840 3913 1040 3993 l'operateur.
1057 3938 1071 3969 a
1095 3916 1174 3976 Dieu
1197 3933 1316 3993 envoya
1341 3934 1398 3975 son
1417 3934 1496 3995 ange
1514 3941 1547 3992 u,

231 4016 308 4075 c'est
327 4031 389 4073 une
405 4014 497 4088 lacon
514 4012 553 4072 de
569 4013 636 4074 dire
658 4029 720 4091 que
742 4012 771 4072 le
786 4012 916 4075 miracle
929 4013 978 4072 sut
1000 4013 1130 4091 produit
1144 4030 1217 4073 sans
1233 4012 1471 4075 l'intervantion
1491 4014 1548 4075 des

236 4129 347 4172 causes
370 4112 525 4173 secandas
548 4110 604 4188 qui
629 4112 779 4170 amenent
802 4109 993 4171 d’ordinaire
1017 4110 1549 4189 11111919111191111111».Ε11191110111

232 4210 503 4270 considerationes
518 4212 550 4268 et
569 4206 822 4286 comparationes
838 4207 930 4267 1111199
955 4224 1024 4268 9999
1048 4213 1199 4285 1199911111;
1226 4226 1299 4269 nam
1323 4209 1385 4269 nisi
1411 4211 1482 4287 quis
1508 4211 1549 4270 sit

232 4308 324 4383 plane
338 4325 449 4384 expers
464 4311 569 4367 rectae
586 4305 719 4365 rationis
733 4304 824 4364 lateri
840 4304 936 4365 debet
948 4306 1049 4366 Deum
1065 4305 1096 4363 id
1115 4322 1207 4383 posse
1224 4306 1347 4366 efficere
1363 4307 1548 4369 immediate

232 4423 288 4484 per
304 4422 337 4465 se
352 4404 402 4465 rel
417 4404 644 4481 perangelum‚
662 4400 746 4480 quod
761 4402 856 4462 bomo
870 4402 1023 4463 subsidiis
1040 4420 1056 4463 9
1072 4419 1177 4463 rerum
1200 4408 1313 4465 natura
1328 4404 1437 4482 petitis
1458 4423 1548 4482 pera-

231 4519 305 4580 gere
315 4507 346 4563 et
360 4501 484 4581 operari
495 4500 588 4561 valet.
600 4502 795 4561 -Ceterum
806 4518 868 4577 qua
878 4500 999 4560 ratione
1010 4503 1093 4560 Deus
1105 4500 1225 4579 singula
1234 4500 1375 4561 effecerit
1386 4502 1549 4580 inquirere

232 4618 347 4678 parum
361 4598 506 4678 prodest;
524 4600 661 4659 sufficiat
675 4597 755 4658 scire
768 4616 843 4657 eum
859 4615 952 4676 posse
975 4602 1007 4657 91
1019 4598 1142 4658 1991999.
1160 4598 1308 4660 Pluribus
1322 4600 1355 4658 in
1370 4601 1401 4659 id
1418 4618 1549 4679 quoque

234 4699 399 4777 inquirunt
413 4698 552 4757 Perertus
566 4701 598 4757 et
611 4698 716 4757 Siraci.
