3550 5367
281 306 341 367 342
805 312 882 371 DAN.
909 312 957 382 13,
980 311 1077 370 oe-oi

289 461 475 542 succincta
492 465 528 528 at
543 461 645 551 culpa
658 461 794 526 testium
814 460 960 550 probata
978 465 1049 527 erat
1064 466 1099 526 et
1112 460 1285 550 explorata
1299 480 1411 548 neque
1426 459 1469 525 de
1483 481 1597 549 poena

286 571 358 634 erat
369 565 554 648 dubitatio;
572 567 656 656 quid
672 587 756 653 ergo
771 566 861 634 ultra
878 566 1137 657 requirebatur?
1156 570 1313 633 Ceterum
1332 566 1359 631 si
1374 565 1428 632 cui
1443 567 1598 632 narratio

283 672 423 740 brevior
436 674 605 758 videatur,
623 672 690 740 dici
704 677 815 762 potest
826 695 961 740 summa
974 674 1082 740 solum
1098 673 1211 763 capita
1224 671 1322 738 brevi
1337 673 1535 762 perstringi.
1550 709 1597 720 -

289 779 480 846 Secundum
504 784 584 848 LXX
603 784 718 848 coetus
737 780 902 847 exclamat
926 782 1085 846 iuvenem
1105 780 1289 846 ostendisse
1307 777 1383 845 illos
1406 801 1476 846 esse
1497 783 1599 844 testes

284 885 386 952 falsos
401 909 441 952 ex
455 889 595 977 proprio
609 888 762 976 ipsorum
782 908 856 969 ore;
879 910 912 953 v.
931 895 974 954 62
991 893 1025 953 et
1043 887 1291 953 obturaverunt
1309 886 1358 952 eis
1379 906 1440 952 ora
1458 889 1493 952 et
1513 884 1598 951 edu·

282 999 396 1060 centes
408 993 625 1083 proiecerunt
637 1015 694 1060 eos
707 995 741 1059 in
757 995 958 1081 voraginem
972 999 1005 1060 et
1017 993 1160 1080 angelus
1174 991 1309 1059 Domini
1322 991 1465 1081 proiecit
1477 993 1598 1078 ignem

285 1098 456 1166 intereos.
473 1103 508 1164 ln
533 1099 587 1166 ed.
605 1101 680 1166 her.
696 1099 820 1166 clamat
838 1106 954 1167 coetus
970 1120 978 1167 ε
995 1098 1068 1166 laus
1084 1103 1149 1166 Deo
1162 1099 1222 1188 qui
1241 1097 1394 1164 vivificat
1416 1100 1540 1188 (servet
1562 1100 1597 1164 in

285 1203 366 1293 vitu)
383 1227 501 1271 omnes
513 1203 688 1272 credentes
698 1205 734 1272 in
749 1208 886 1274 nomine
902 1207 987 1288 eiua,
1000 1212 1033 1272 et
1048 1205 1187 1273 additur
1200 1207 1236 1271 in
1251 1228 1285 1270 v.
1304 1210 1349 1270 62
1365 1227 1373 1272 :
1390 1210 1424 1271 et
1436 1203 1599 1271 retribuit

284 1311 353 1377 illis
371 1313 532 1378 Dominus
552 1312 737 1380 vindictam
752 1313 891 1396 malam,
908 1318 1010 1402 prout
1023 1312 1122 1399 digni
1142 1317 1251 1379 erant.

328 1421 372 1484 Ex
386 1418 478 1484 felici
495 1419 546 1484 rei
563 1419 655 1484 exitu
670 1423 703 1486 et
720 1419 886 1506 gaudium
902 1425 1041 1486 enatum
1057 1424 1106 1486 est
1118 1418 1272 1505 cognatis
1286 1422 1458 1485 Susannae
1476 1422 1510 1484 et
1521 1419 1598 1504 glo-

284 1525 337 1591 ria
356 1526 605 1614 auctoritasque
631 1524 760 1592 Danieli
789 1525 881 1616 apud
904 1527 1088 1616 populares
1109 1549 1143 1592 v.
1168 1533 1210 1592 63
1235 1553 1252 1586 «
1271 1525 1409 1591 Heleias
1430 1537 1547 1590 autem
1566 1538 1599 1590 et

282 1654 370 1698 creor
382 1633 452 1698 eius
467 1631 696 1698 laudaverunt
704 1635 884 1722 Deumpro
893 1631 970 1721 filio
985 1655 1047 1698 sua
1062 1635 1087 1700 S
1090 1654 1221 1699 reconna
1237 1653 1314 1698 cum
1329 1629 1460 1699 lookim
1473 1632 1598 1697 marito

284 1739 355 1805 eius
380 1751 413 1805 et
438 1739 590 1827 coquetis
621 1737 793 1819 ombilico,
815 1739 898 1828 quia
917 1762 985 1805 non
1011 1749 1096 1805 esset
1116 1739 1251 1805 abventu
1267 1738 1303 1804 in
1326 1760 1367 1804 eo
1392 1759 1444 1804 res
1468 1737 1599 1826 turpis;

185 1889 187 1908 .
284 1869 315 1911 v.
332 1852 373 1913 ot
392 1845 516 1912 Daniel
528 1857 643 1911 aretem
653 1846 769 1934 foetus
784 1858 833 1912 est
846 1864 990 1936 mugnus
1003 1846 1041 1912 in
1055 1858 1233 1935 conspeetu
1245 1845 1372 1935 populi
1383 1867 1405 1910 a
1421 1843 1475 1911 die
1489 1843 1552 1911 illo
1567 1857 1600 1910 et

284 1949 442 2042 deinceps
461 1973 495 2034 »ς
512 1991 556 2002 --
571 1981 586 2013 α
604 1951 711 2039 digne
726 1953 825 2044 quasi
845 1954 953 2020 sancti
973 1950 1115 2019 laudant
1129 1957 1249 2034 Deum,
1261 1973 1330 2018 non
1352 1950 1435 2042 quia
1453 1951 1600 2019 liberata

284 2065 333 2125 cst
349 2058 390 2124 de
405 2081 510 2126 manu
530 2060 812 2150 presbyterorum
832 2063 1000 2140 Susanna,
1022 2061 1087 2126 hoo
1112 2059 1201 2125 enirn
1226 2079 1295 2126 nou
1319 2059 1398 2125 satis
1423 2057 1599 2125 laudabile

283 2171 333 2232 est
345 2187 407 2232 nec
417 2167 536 2251 magni
546 2165 751 2233 discriminis
763 2168 790 2232 si
801 2187 870 2233 non
883 2171 969 2232 esset
981 2166 1136 2247 liberata,
1148 2163 1208 2232 sed
1222 2165 1385 2254 quianon
1397 2171 1447 2231 est
1458 2166 1599 2231 inventa

284 2274 318 2340 in
335 2295 375 2338 ea
394 2294 447 2338 res
469 2273 580 2361 turpis
601 2299 617 2334 a
639 2271 690 2361 (S.
713 2273 834 2362 Hier).
856 2275 1006 2339 Ceruunt
1024 2280 1182 2361 parentes
1204 2273 1354 2338 fructum
1373 2272 1451 2362 piae
1471 2270 1599 2338 eduea-

285 2379 384 2445 tionis
403 2401 435 2443 v.
459 2385 496 2459 3,
524 2379 583 2467 qui
604 2379 671 2469 ipsi
693 2377 853 2445 laudibus
877 2383 944 2445 Deo
970 2378 1071 2445 dietis
1089 2400 1185 2446 suam
1213 2378 1353 2464 egregie
1377 2377 1600 2444 manifestant

283 2487 460 2574 pietatem.
479 2485 594 2551 Daniel
613 2485 673 2575 qui
689 2486 776 2551 forte
793 2486 829 2551 in
844 2485 923 2552 aula
937 2486 1005 2552 iam
1027 2486 1168 2552 scientia
1192 2485 1333 2552 illustris
1355 2490 1428 2550 erat
1447 2492 1481 2550 et
1498 2490 1600 2550 notus

286 2591 479 2676 cognitione
496 2612 613 2657 rerum
627 2595 833 2657 secretarum
851 2592 961 2680 (1,1r;
984 2598 1039 2673 2,1
1060 2591 1173 2682 seq.?)
1194 2591 1297 2660 etiam
1319 2592 1410 2657 inter
1426 2613 1505 2657 suos
1523 2591 1599 2679 opi-

286 2697 423 2764 nionem
444 2701 478 2764 et
494 2718 618 2763 nomen
642 2698 774 2763 iuvenis
798 2699 921 2787 spiritu
945 2698 1002 2763 Dei
1026 2697 1120 2764 ducti
1140 2702 1336 2764 consecutus
1350 2703 1412 2764 est.
1428 2735 1473 2746 -
1495 2695 1599 2763 Plane

286 2803 353 2870 alia
366 2803 403 2869 h.
422 2803 445 2868 l.
465 2805 543 2869 LXX
558 2803 724 2893 praebent
742 2825 749 2870 :
768 2809 948 2893 propterea
962 2805 1101 2870 iuvenes
1116 2804 1214 2870 lncob
1233 2803 1348 2872 dilecti
1362 2810 1442 2870 sunt
1456 2804 1494 2868 in
1513 2804 1598 2869 sim-

284 2908 436 2997 plicitate
450 2931 526 2989 sna,
546 2917 578 2975 et
596 2931 657 2976 nos
678 2915 836 2976 tueamur
851 2911 990 2977 iuvenes
1007 2911 1111 2976 fortes
1130 2917 1307 2998 tamquam
1321 2909 1422 2991 tilios;
1439 2909 1488 2999 pii
1503 2910 1599 2975 enim

285 3022 364 3081 sunt
375 3015 514 3084 iuvenes
527 3021 560 3082 et
574 3017 638 3082 erit
651 3017 686 3082 in
701 3014 742 3083 iis
752 3016 891 3107 spiritus
901 3016 1144 3103 intelligentiae
1155 3023 1188 3084 et
1197 3017 1356 3082 scientiae
1370 3015 1406 3082 in
1422 3015 1597 3082 saeculum

284 3121 422 3189 saeculi.
441 3161 485 3172 -
509 3127 547 3189 ln
569 3128 659 3189 textu
679 3122 809 3210 syriaco
830 3129 989 3212 parentes
1016 3128 1121 3190 Deum
1145 3122 1287 3190 laudant
1313 3128 1346 3188 et
1365 3123 1544 3189 celebrant
1564 3127 1597 3187 et

287 3229 388 3294 etiam
408 3228 515 3295 tiliam
531 3227 677 3296 laudant
691 3239 803 3310 suam;
820 3230 857 3296 in
872 3230 926 3297 ed.
945 3231 1019 3298 her.
1035 3230 1189 3317 gaudent
1200 3229 1242 3295 de
1260 3228 1332 3294 tilia
1348 3252 1409 3296 suu
1422 3235 1598 3318 Deumque

286 3333 403 3400 laudat
416 3340 508 3401 totus
521 3336 670 3425 populus
684 3341 717 3401 et
730 3340 798 3402 tota
817 3336 949 3403 familia
971 3341 1161 3418 Susannae;
1177 3337 1295 3402 Daniel
1310 3342 1424 3402 autem
1446 3335 1598 3402 auetori-

285 3445 353 3506 tate
379 3441 487 3506 crevit
508 3446 540 3507 et
565 3441 674 3509 valuit
701 3442 738 3508 in
759 3442 892 3509 familia
914 3447 1086 3509 Susannae
1115 3449 1148 3509 et
1170 3444 1206 3508 in
1227 3447 1297 3508 toto
1317 3447 1418 3508 coetu
1439 3441 1541 3508 lsrael
1566 3445 1597 3507 et

284 3569 419 3636 semper
432 3548 578 3614 faciebat
599 3548 763 3614 iudicium
787 3553 820 3614 et
839 3550 1003 3616 iustitiam
1024 3551 1060 3617 in
1079 3549 1206 3639 populo
1224 3571 1285 3615 suo
1304 3555 1337 3615 et
1355 3547 1598 3616 celebrabatur

283 3654 376 3719 famu
391 3676 506 3720 rerum
522 3653 695 3744 praeclare
709 3654 753 3720 ab
768 3677 808 3720 eo
822 3661 998 3742 gestarum
1016 3657 1054 3722 in
1067 3663 1137 3722 toto
1157 3656 1288 3746 populo
1303 3661 1445 3745 propter
1460 3652 1598 3721 occulta

282 3765 316 3824 et
332 3766 458 3826 secretu
480 3782 568 3848 quae
592 3761 623 3827 ei
642 3757 874 3828 innotuerunt.
892 3801 937 3814 -
950 3763 1067 3828 iuveni
1087 3765 1202 3852 itaque
1223 3770 1339 3828 sancto
1353 3767 1387 3828 et
1404 3767 1495 3828 custo
1511 3766 1599 3828 Deus

284 3866 421 3948 tribuit,
440 3871 477 3932 ut
492 3868 706 3933 innocentem
721 3868 883 3934 feminam
902 3891 922 3935 a
938 3869 1110 3936 calumnia
1123 3868 1313 3936 vindicaret
1326 3874 1359 3934 et
1373 3889 1470 3934 senes
1482 3868 1597 3960 impu-

284 3995 340 4038 ros
351 3972 468 4040 debita
481 3997 592 4064 poena
607 3975 797 4042 mulctaret.

691 4253 747 4312 Bet
768 4257 796 4311 et
817 4251 910 4312 droco
933 4254 980 4326 13,
1004 4254 1110 4322 65-14,
1134 4255 1183 4312 tt.

328 4503 409 4565 dno.
422 4537 464 4549 -
483 4500 598 4566 Daniel
618 4500 747 4587 detegit
761 4500 916 4568 fraudem
937 4466 1151 4568 sacerdotum
1175 4502 1232 4568 Bel
1254 4501 1453 4591 idolumque
1474 4503 1600 4570 evertit

284 4605 470 4694 (Dat-mg
488 4605 675 4673 draconem
690 4607 831 4687 occidit3
850 4607 996 4697 ideoque
1015 4609 1051 4673 in
1070 4607 1182 4674 laeum
1201 4608 1342 4675 leonum
1364 4609 1522 4690 mittitur,
1537 4609 1597 4676 sed

283 4735 303 4776 n
323 4717 388 4778 Deo
407 4712 576 4778 liberatur
589 4714 778 4800 (laen-te.
800 4715 915 4804 Lep).
