3550 5367
240 286 297 344 l'sd
808 284 887 341 Daa.
907 284 937 356 d,
961 285 976 342 ·1

239 435 278 494 ad
304 434 411 495 Medos
436 434 648 513 imperiosae
669 434 770 511 magis
791 433 956 512 magisque
977 432 1206 493 conciliandos.
1221 435 1284 494 lsta
1306 432 1442 511 dignitas
1463 432 1554 493 Medo

239 532 355 593 collata
377 536 425 592 est
444 531 545 592 honor
565 549 628 610 quo
647 548 745 609 regno
769 530 895 591 medico
918 532 983 592 iam
1005 530 1176 591 'demortuo
1200 530 1250 591 vel
1274 530 1381 609 potius
1401 530 1554 591 exstincto

238 633 448 708 parentatura
463 629 551 707 Cyre.

278 728 418 805 Denique
433 726 473 787 de
491 727 648 786 sententia
662 742 758 804 quam
780 726 998 786 recentissime
1020 725 1153 804 protulit
1167 724 1329 797 (Phaniae,
1345 725 1473 785 Darium
1490 727 1553 785 Me-

238 825 315 885 dum
350 843 419 885 esse
444 824 643 901 Neriglissor‚
668 824 735 899 iam
759 841 858 902 supra
881 841 913 901 p.
945 825 1002 884 159
1030 822 1152 885 dictum
1193 828 1256 897 est,
1292 822 1492 901 eandemque
1513 824 1553 883 D.

240 939 365 999 quoque
381 922 463 983 bene
477 925 638 1000 oppugnat
650 940 681 1000 p.
700 922 807 982 79-81.

411 1154 441 1212 6.
466 1151 577 1213 Daniel
595 1159 628 1213 ia
649 1153 750 1213 laeam
771 1151 888 1213 leonum
910 1155 1056 1236 coniectas
1075 1158 1226 1212 seruatur.
1251 1152 1326 1230 Cap.
1352 1152 1381 1211 6.

282 1370 364 1432 Ana.
381 1403 427 1415 -
445 1365 561 1432 Daniel
576 1387 637 1432 sua
650 1364 816 1453 sapientia
829 1367 863 1429 et
877 1364 1008 1431 honore
1030 1386 1049 1431 a
1069 1385 1152 1451 rege
1171 1363 1237 1430 sibi
1253 1362 1372 1431 habito
1388 1362 1553 1430 invidiam

239 1470 360 1539 excitat
374 1472 588 1561 principum3
610 1492 717 1560 quare
736 1492 814 1535 eum
838 1470 985 1559 perdere
1000 1471 1150 1537 volentes
1171 1492 1287 1557 regem
1307 1468 1352 1537 ad
1372 1469 1554 1537 ferendum

238 1578 412 1645 decretum
425 1583 628 1667 permovent
641 1599 685 1643 ne
702 1577 779 1666 quis
792 1598 856 1666 per
871 1577 1016 1662 triginta
1029 1558 1103 1643 die⁴s
1117 1598 1138 1645 a
1155 1576 1220 1643 deo
1235 1577 1351 1666 aliquo
1364 1576 1553 1666 quidquam

238 1690 331 1774 petat
345 1685 411 1751 nisi
420 1708 441 1751 a
454 1683 526 1751 solo
542 1705 635 1771 rege.
652 1684 767 1751 Daniel
788 1688 903 1750 autem
918 1688 1094 1751 consuetas
1108 1683 1153 1750 ad
1164 1689 1271 1751 Deum
1283 1704 1400 1773 preces
1413 1683 1555 1750 minime

238 1792 380 1873 omittit3
402 1814 508 1880 quare
527 1792 634 1881 spreti
654 1791 741 1876 regii
761 1790 914 1857 mandati
938 1795 1116 1879 accusatus
1137 1790 1285 1857 mittitur
1304 1792 1340 1856 in
1354 1788 1468 1857 lacum
1482 1790 1553 1857 leo-

239 1928 322 1971 num
343 1906 646 1995 (a,1-1·1).P0stero
662 1905 718 1972 die
734 1926 792 1971 rex
812 1905 855 1971 de
873 1906 946 1971 eius
965 1912 1053 1973 sorte
1072 1904 1325 1971 sollicituseum
1346 1905 1554 1972 ineolumem

238 2019 410 2079 servatum
425 2034 495 2079 esse
508 2011 735 2102 deprehendit
747 2012 968 2078 vehementer
981 2013 1134 2099 gavisus;
1149 2017 1361 2079 accusatores
1374 2014 1556 2078 mittuntur
1619 2009 1623 2023 ⁴

239 2120 402 2187 inlocum
417 2124 451 2186 et
470 2119 680 2187 devorantur
697 2142 718 2185 a
741 2118 915 2197 leonibus;
938 2140 997 2185 rex
1021 2124 1136 2185 autem
1155 2118 1264 2185 edicto
1285 2117 1424 2206 publico
1449 2122 1551 2183 [teum

240 2227 386 2293 Danielis
401 2226 565 2292 honorari
584 2226 680 2293 iubet
694 2222 875 2314 (ets-28).
894 2264 938 2275 -
951 2224 1144 2291 ostenditur
1163 2225 1228 2291 hac
1254 2222 1449 2292 narratione
1468 2245 1554 2314 quo·

242 2333 343 2399 modo
361 2338 447 2400 Deris
461 2332 521 2422 qui
536 2354 571 2398 se
585 2330 726 2419 regibus
741 2330 926 2398 chaldaicis
948 2336 1122 2421 potentem
1147 2331 1374 2397 manifestavit
1396 2332 1498 2398 etiam
1517 2330 1553 2395 in

241 2460 348 2525 reguo
365 2438 613 2528 medo-persico
631 2460 701 2504 non
720 2442 825 2503 cesset
843 2460 940 2505 suam
961 2438 1170 2505 maiestatem
1189 2437 1349 2524 gentibus
1370 2436 1415 2504 ob
1438 2436 1554 2504 oculos

242 2566 386 2634 ponere;
405 2543 482 2610 vide
497 2544 631 2629 Proleg.

552 2788 583 2844 a]
603 2784 735 2838 Danieli
755 2785 900 2838 Insidiae
919 2788 1086 2851 parantur·
1105 2787 1136 2851 6,
1160 2786 1246 2839 1-17.

286 2988 461 3067 Quomodo
475 2988 603 3055 lactum
618 2987 677 3069 sit,
692 2992 731 3054 ut
744 2988 861 3055 Daniel
875 2990 980 3055 etiam
1002 2988 1036 3054 in
1057 2988 1187 3054 honore
1207 2992 1292 3055 esset
1313 2987 1407 3077 apud
1426 3008 1554 3055 novum

241 3118 370 3184 regem,
387 3094 510 3162 Tlreod.
525 3094 671 3184 explicat
688 3118 728 3161 ex
742 3094 922 3185 splendore
938 3095 1075 3184 pietatis
1094 3116 1182 3184 quae
1197 3094 1405 3184 ubicumque
1419 3096 1462 3161 sit
1477 3116 1554 3184 pro

242 3205 334 3293 prios
346 3202 479 3269 emittat
494 3201 625 3285 radios,
642 3204 679 3271 S.
698 3201 792 3268 Hier.
810 3206 925 3269 autem
941 3224 979 3269 eo
1001 3201 1094 3291 quod
1114 3222 1172 3267 rer
1195 3200 1343 3268 audierit
1362 3201 1501 3289 signum
1521 3208 1555 3266 et

241 3315 435 3399 portentum
455 3308 547 3397 quod
562 3308 729 3375 Baltassar
742 3307 913 3376 acciderat
929 3313 962 3375 ct
982 3308 1297 3397 interpretationem
1313 3330 1418 3397 quam
1437 3306 1555 3374 Daniel

242 3420 442 3507 exposuerat
457 3420 490 3481 et
509 3414 682 3503 quomodo
701 3414 874 3481 Medorum
890 3436 1039 3502 regnum
1062 3419 1310 3504 Persarumque
1332 3414 1550 3503 praedixerit.

241 3524 381 3611 Utrique
402 3543 530 3588 causae·
544 3520 695 3607 adiunge
715 3522 935 3611 prudentiam
958 3521 1105 3587 Danielis
1129 3526 1162 3587 et
1183 3543 1299 3588 rerum
1323 3520 1553 3609 gerendarum

241 3628 486 3719 experientiam
507 3627 582 3713 regi
606 3648 684 3693 mor
704 3649 775 3693 esse
799 3633 1023 3717 perspectam.
1049 3632 1154 3694 Mores
1172 3633 1285 3695 autem
1316 3629 1406 3715 regis
1432 3628 1467 3695 in
1490 3628 1554 3693 hae

241 3735 436 3802 narratione
460 3733 486 3799 ii
512 3730 752 3799 deseribuntur
774 3735 834 3823 qui
857 3738 1060 3821 cyaxarem‚
1078 3736 1236 3823 Astyagis
1256 3734 1382 3818 lilium,
1402 3758 1423 3802 a
1444 3740 1553 3802 Xeno-

241 3842 368 3931 phonte
383 3840 592 3929 descriptum
609 3861 745 3928 prorsus
767 3841 935 3925 relerunt;
957 3840 1133 3909 hominem
1149 3843 1242 3908 enim
1260 3843 1430 3909 cernimus
1449 3864 1553 3929 nego-

242 3948 368 4015 tiorum
389 3968 507 4015 curam
530 3968 604 4012 ase
624 3948 727 4033 longe
748 3947 1007 4031 emendantem,
1032 3950 1154 4039 quietis
1177 3972 1217 4017 ac
1241 3949 1423 4038 voluptatis
1443 3948 1553 4015 studio

241 4056 311 4121 iere
334 4056 433 4121 unice
457 4054 642 4137 intentum,
665 4053 709 4120 ad
736 4054 884 4121 aliorum
909 4055 1092 4122 arbitrium
1114 4055 1371 4139 decernentem,
1394 4056 1552 4147 prudenti

242 4160 510 4228 consideratione
534 4159 749 4240 destitutum,
767 4160 913 4227 aliorum
933 4161 1078 4252 impetui
1100 4162 1275 4229 cedentem
1295 4162 1457 4245 inritum,
1476 4184 1554 4229 cum

242 4268 278 4333 in
295 4289 330 4333 se
344 4267 432 4333 nihil
449 4266 576 4333 haheat
593 4266 765 4333 firmitatis
779 4267 834 4332 vel
855 4270 1062 4335 constantiae
1084 4268 1142 4357 (cf.
1162 4274 1231 4353 6‚2.
1253 4276 1285 4335 9.
1304 4275 1405 4337 lla-18
1421 4276 1455 4335 et
1475 4267 1554 4335 vide

241 4375 362 4463 Cyrop.
377 4377 428 4455 IV,
449 4380 526 4455 1‚13
541 4394 612 4463 seq.
629 4379 703 4457 5‚8;
726 4378 762 4455 V,
780 4379 850 4455 53.
868 4380 922 4441 35.
946 4380 999 4441 38.
1021 4380 1059 4442 tr
1075 4377 1174 4464 seq).

285 4483 357 4556 Qua
386 4478 428 4545 de
460 4501 561 4546 causa
593 4479 712 4546 Daniel
738 4478 902 4547 invidiam
934 4479 1128 4570 principum
1162 4482 1345 4550 incurrerit
1374 4484 1556 4573 exponitur

241 4609 274 4654 v.
294 4592 310 4653 1
329 4614 345 4647 κ
361 4584 500 4652 Placuit
515 4588 619 4651 Dario
641 4598 670 4651 et
693 4586 868 4652 constituit
889 4608 993 4675 super·
1007 4608 1150 4676 repetam
1173 4601 1330 4679 satrapea
1355 4603 1487 4657 centum
1503 4591 1555 4657 oi-

240 4693 343 4783 thla',
360 4703 399 4759 al
412 4702 516 4759 essent
533 4691 570 4758 in
589 4702 656 4758 loto
679 4716 782 4782 rapae
805 4716 878 4776 aare,
901 4717 932 4759 v.
955 4700 975 4759 ἓ
998 4705 1031 4761 el
1045 4714 1146 4784 stapel·
1165 4696 1404 4786 conprincipes
1425 4710 1491 4765 tres
1512 4720 1555 4765 ea
1576 4684 1584 4693 ’
