3550 5367
1506 364 1657 421 DAN.
1708 364 1767 433 3,
1816 366 2006 424 56-57
2958 369 3068 427 123

440 521 587 595 1‚2;
633 514 794 601 62).
853 517 932 578 Et
974 514 1091 601 qui
1139 512 1389 578 talibus
1439 512 1659 579 utitur
1700 512 2160 593 adiutoribUS‚
2212 535 2280 577 se
2329 513 2687 602 profitetur
2736 517 3067 605 imparem

346 617 360 625 ’
436 622 557 710 qui
591 621 805 687 animi
848 623 1106 684 aestum
1155 619 1570 684 sufficienter
1618 641 1743 707 per
1782 641 1850 684 se
1898 619 2213 708 explicet,
2268 618 2605 708 simulque
2652 620 3069 688 desiderium

431 725 673 818 pandit
712 730 787 791 ut
836 746 1042 811 quam
1090 725 1502 814 amplissime
1540 747 1618 790 ac
1665 726 2122 814 copiosissime
2167 727 2380 791 animi
2424 726 2699 792 affectus
2743 729 2790 794 i.
2826 751 2884 794 e.
2939 730 3068 794 hoc

429 834 576 899 loco
619 829 856 898 laudes
899 834 966 896 et
1001 833 1370 919 praeconia
1404 833 1520 897 Dei
1564 830 1651 897 ab
1683 831 2001 897 omnibus
2039 833 2533 922 exprimantur.
2577 836 2801 899 Merito
2840 840 3068 901 autem

429 938 850 1005 advocantur
878 936 967 1002 ad
1002 939 1117 1004 Dei
1162 937 1471 1004 encomia
1505 960 1611 1004 res
1647 960 1917 1027 quoque
1953 938 2393 1006 inanimatae.
2439 943 2605 1005 Nam
2641 947 2706 1005 et
2745 943 2954 1007 sacris
2981 943 3066 1007 li-

427 1046 568 1111 bris
606 1043 1010 1111 docentibus
1051 1049 1116 1109 et
1157 1045 1303 1133 ipsa
1343 1045 1603 1109 ratione
1640 1043 2033 1110 ostendente
2070 1067 2178 1110 res
2211 1045 2370 1111 illae
2417 1046 2488 1110 in
2535 1068 2601 1112 se
2638 1048 2956 1114 exhibent
3001 1057 3066 1120 et
3153 1040 3158 1047 ’

427 1156 765 1217 testantur
801 1151 1150 1230 virtutem,
1185 1149 1513 1235 gloriam,
1548 1150 2046 1236 benignitatem
2087 1152 2225 1232 Dei,
2271 1153 2371 1217 uti
2411 1153 2653 1218 eximie
2678 1152 2970 1219 habetur
2992 1154 3064 1220 in

427 1262 533 1323 Ps.
574 1263 723 1339 18,1
779 1279 917 1345 seq.
966 1255 1085 1322 lob
1117 1263 1320 1338 3636
1361 1262 1500 1346 seq.
1543 1263 1973 1339 37,1-39,30.
2037 1261 2193 1346 Sap.
2250 1265 2429 1336 13,5.
2467 1259 2665 1325 Eccli.
2713 1265 2866 1342 4:3‚1
2917 1283 3059 1350 seq.

427 1368 622 1431 Rom.
664 1369 845 1445 1,19.
876 1370 995 1445 20;
1040 1385 1196 1430 cum
1227 1364 1457 1452 itaque
1487 1364 1620 1429 sint
1646 1386 1807 1431 vera
1836 1362 2173 1451 quaedam
2204 1363 2475 1430 divinae
2513 1366 2882 1432 maiestatis
2917 1389 3062 1434 ma-

427 1470 767 1537 nifestatio
797 1470 1078 1558 eiusque
1106 1470 1253 1536 laus
1278 1475 1345 1535 et
1371 1471 1858 1552 testimonium,
1895 1493 1972 1536 ex
1992 1471 2241 1558 quibus
2260 1471 2467 1536 homo
2493 1471 2579 1537 ad
2601 1474 3060 1558 cognitionem

428 1582 490 1642 et
531 1577 790 1642 cultum
829 1577 945 1641 Dei
980 1577 1255 1642 invitari
1286 1581 1352 1641 et
1382 1575 1629 1642 adduci
1668 1577 1945 1657 debeat,
1982 1576 2148 1665 quid
2180 1569 2583 1666 magis'ipsa
2611 1586 2856 1646 natura
2890 1580 3061 1647 duce

425 1682 696 1748 suaderi
728 1682 1022 1764 videtur,
1066 1704 1275 1771 quam
1314 1687 1390 1748 ut
1420 1683 1623 1748 homo
1654 1683 1776 1748 has
1811 1685 1993 1771 ipsas
2027 1706 2132 1749 res
2164 1683 2236 1748 in
2279 1683 2529 1772 quibus
2557 1686 2844 1771 vestigia
2882 1686 3058 1753 divi-

419 1811 552 1854 nae
580 1790 840 1875 gloriae
876 1786 1333 1877 deprehendit
1366 1787 1495 1853 sibi
1528 1788 1863 1875 adiungat
1894 1790 2104 1855 socias
2132 1789 2219 1856 ad
2259 1790 2372 1856 Dei
2416 1790 2652 1856 laudes
2690 1794 3058 1858 concinen-

421 1894 542 1960 das
572 1901 637 1960 et
677 1918 803 1984 pro
848 1886 1061 1960 animi
1109 1893 1353 1960 ardore
1394 1894 1529 1960 illis
1560 1895 1879 1960 omnibus
1905 1895 2347 1962 vehementer
2385 1897 2712 1962 acclamet
2744 1903 2819 1963 ut
2848 1899 3058 1965 inces-

431 2007 660 2067 santer
716 2002 1012 2088 hymnos
1067 2006 1200 2068 Deo
1260 2002 1699 2090 persolvant?
1754 2002 1958 2068 Cuius
2014 2003 2115 2067 rei
2173 2001 2608 2091 praeclarum
2670 2004 3056 2094 exemplum

419 2107 713 2174 habetur
741 2110 814 2174 in
851 2108 988 2174 fine
1035 2107 1194 2174 libri
1225 2106 1647 2197 psalmorum
1695 2111 1799 2176 Ps.
1858 2113 2189 2190 1148-1503
2234 2108 2417 2174 idem
2470 2109 2767 2189 habetur
2810 2111 2882 2175 in
2922 2111 3054 2178 hoc

421 2215 683 2280 cantico
723 2237 787 2279 ν.
825 2221 1053 2281 57-90.
1088 2219 1307 2292 Quare
1337 2214 1541 2279 simul
1567 2215 1871 2279 cernitur
1900 2236 2109 2305 quam
2145 2214 2474 2281 excellens
2511 2217 2624 2281 Dei
2661 2215 3053 2283 celebrandi

421 2343 499 2386 ac
538 2320 870 2410 precandi
909 2320 1209 2387 formula
1235 2321 1380 2387 istis
1408 2321 1684 2387 canticis
1725 2322 2153 2387 contineatur
2187 2326 2253 2387 et
2283 2342 2489 2409 quam
2525 2327 2679 2410 apte
2711 2323 2883 2389 haec
2909 2346 3053 2389 car-

422 2427 609 2494 mina
653 2428 907 2494 inserta
939 2428 1075 2494 sint
1102 2426 1323 2493 officio
1370 2420 1848 2508 ecclesiastico,
1892 2429 1990 2494 ita
2030 2434 2107 2493 ut
2138 2428 2259 2516 qui
2288 2426 2377 2494 ad
2417 2428 2589 2494 illud
2622 2428 3051 2495 recitandum

418 2537 739 2599 tenentur
779 2534 912 2599 hac
939 2533 1463 2622 compellatione
1498 2539 1969 2600 creaturarum
2002 2555 2237 2599 omnes
2278 2532 2575 2601 reserant
2607 2534 2694 2600 ad
2732 2535 3051 2601 ultimum

419 2661 657 2705 earum
700 2641 942 2721 finem,
991 2640 1078 2706 ad
1124 2641 1240 2706 Dei
1286 2639 1598 2721 laudem,
1651 2644 1999 2729 Deumque
2040 2642 2263 2730 ipsum
2312 2662 2576 2706 summo
2607 2664 2743 2731 quo
2773 2648 3052 2730 possunt

420 2747 621 2812 modo
649 2747 927 2813 laudent
958 2754 1024 2813 et
1051 2746 1470 2836 praedicent.
1606 2824 1610 2828 ,

506 2857 810 2941 Hymnus
839 2860 1065 2920 autem
1111 2855 1205 2920 ita
1248 2854 1523 2936 texitur,
1562 2859 1639 2919 ut
1684 2854 1911 2942 primo
1961 2855 2197 2921 omnia
2227 2854 2343 2920 Dei
2379 2877 2589 2944 opera
2640 2853 2727 2922 ad
2771 2855 3046 2922 laudem

416 2962 532 3026 Dei
561 2959 1065 3031 admoneantur
1085 2959 1593 3040 celebrandam,
1620 2960 1778 3026 dein
1812 2960 2088 3046 singula
2117 2961 2493 3027 invitentur
2524 2983 2538 3026 :
2568 2963 2737 3027 coeli
2767 2969 2832 3027 et
2871 2985 3046 3051 quae

411 3075 567 3133 sunt
611 3067 740 3133 sub
770 3067 1008 3150 coeliS,
1041 3074 1225 3133 terra
1260 3072 1327 3132 et
1361 3089 1536 3156 quae
1567 3067 1754 3134 illam
1796 3065 2121 3156 implent,
2158 3067 2492 3132 homines,
2532 3068 2861 3133 Carminis
2892 3091 3046 3134 con-

408 3178 716 3262 spectum
745 3174 929 3240 hunc
959 3173 1245 3263 praebet
1275 3175 1350 3241 S.
1381 3173 1568 3238 Hier.
1602 3194 1624 3238 .·
1646 3200 1676 3233 «
1706 3172 2019 3258 generali
2043 3172 2432 3239 laudatione
2455 3173 2831 3261 praemissa
2861 3174 3046 3263 quod

408 3283 632 3346 omnis
671 3286 985 3346 creatura
1014 3279 1261 3348 debeat
1285 3278 1573 3346 laudare
1600 3280 1961 3345 Dominum
1982 3332 1998 3361 ,
2029 3279 2101 3343 in
2133 3280 2716 3377 consequentibus
2736 3302 2860 3368 per
2888 3303 3043 3370 par-

405 3393 506 3453 tes
548 3387 878 3473 ,singulas
921 3388 1322 3455 cohortatur
1362 3386 1647 3472 angelos
1694 3390 1760 3452 et
1800 3385 2056 3467 coelos»,
2090 3408 2305 3474 aquas
2343 3392 2547 3474 atque
2586 3386 2897 3469 virtuteS,
2933 3409 3039 3452 so-

405 3493 543 3559 lem
582 3501 651 3560 et
680 3494 917 3560 lunam
939 3547 954 3575 ,
1001 3493 1296 3560 imbrem
1335 3498 1401 3559 et
1429 3515 1658 3559 rorem
1679 3547 1693 3576 ,
1730 3493 2082 3582 spiritum,
2122 3493 2358 3578 ignem
2392 3498 2456 3558 et
2491 3499 2788 3574 aestum,
2823 3494 3040 3579 frigus

409 3606 473 3666 et
507 3620 755 3668 cauma
802 3605 869 3666 et
916 3608 1141 3667 cetera
1175 3622 1348 3689 quae
1384 3599 1671 3685 longum
1709 3607 1808 3666 est
1851 3606 2075 3665 texere
2099 3653 2114 3675 ,
2151 3600 2245 3665 ita
2287 3604 2361 3665 ut
2407 3600 2624 3665 fontes
2662 3622 2935 3688 quoque
2976 3606 3041 3665 et

407 3708 625 3774 maria
658 3713 726 3774 et
764 3714 907 3773 cete
933 3713 1000 3774 et
1029 3706 1340 3773 volucres
1370 3706 1756 3795 bestiasque
1781 3711 1847 3772 et
1872 3728 2125 3795 pecora
2153 3705 2240 3771 ad
2269 3706 2544 3772 laudem
2576 3706 2839 3771 Domini
2872 3729 3037 3795 pro-

406 3820 604 3880 vocet
633 3819 699 3880 et
740 3814 914 3880 filios
956 3813 1320 3881 hominum
1369 3818 1435 3880 et
1481 3818 1633 3903 post
1674 3836 1879 3879 omne
1921 3813 2282 3879 hominum
2328 3834 2548 3898 genus
2586 3813 2939 3890 lsraelem,
2977 3820 3043 3879 et

407 3920 489 3988 de
528 3923 676 4011 ipso
717 3922 920 3988 lsrael
964 3921 1348 3988 sacerdotes
1385 3926 1450 3987 et
1479 3942 1707 3986 servos
1742 3920 2046 3994 Domini,
2081 3920 2359 4008 spiritus
2397 3920 2796 4007 animasque
2828 3920 3039 3985 iusto-

407 4049 594 4113 rum,
629 4033 895 4094 sanctos
934 4033 1003 4094 et
1043 4028 1343 4094 humiles
1382 4027 1609 4110 corde,
1641 4032 1710 4092 et
1749 4026 1837 4093 ad
1869 4032 2247 4092 extremum
2294 4026 2665 4105 Ananiam,
2698 4026 3034 4108 Azariam,

403 4135 764 4216 Misaelem,
801 4136 920 4223 qui
951 4135 1041 4201 ad
1068 4133 1346 4202 laudem
1385 4135 1501 4201 Dei
1539 4131 1881 4222 praesenti
1914 4131 2249 4198 beneficio
2286 4137 2772 4221 provocantur.
2810 4133 3040 4198 Omnis

405 4246 631 4308 autem
668 4246 983 4307 creatura
1020 4262 1157 4307 non
1193 4262 1390 4321 voce,
1427 4238 1546 4306 sed
1576 4261 1781 4328 opere
1817 4237 2058 4304 laudat
2091 4238 2484 4320 Dominum,
2530 4238 2692 4325 quia
2732 4261 2810 4303 ex
2851 4261 3035 4304 crea-

403 4349 577 4414 turis
623 4352 1116 4436 consequenter
1144 4353 1408 4414 creator
1454 4346 1866 4432 intelligitur
1910 4351 1977 4410 et
2025 4346 2094 4410 in
2136 4344 2424 4430 singulis
2468 4344 2791 4432 operibus
2835 4349 3037 4434 atque

405 4453 756 4520 effectibus
791 4454 908 4520 Dei
947 4453 1460 4540 magnificentia
1496 4454 2002 4519 demonstratur
2040 4479 2099 4517 ».
2131 4450 2447 4516 Ordinem
2485 4474 2563 4517 ac
2602 4451 2846 4517 seriem
2883 4474 3034 4519 car-

407 4561 607 4628 minis
630 4563 865 4629 Sanct.
902 4582 1173 4650 quoque
1207 4561 1385 4627 bene
1418 4560 1763 4626 describit.

489 4808 518 4837 ι(
554 4786 711 4854 Cum
741 4783 860 4846 hoc
886 4785 969 4844 sit
1000 4783 1225 4845 cantici
1248 4784 1634 4855 institutum,
1666 4791 1734 4844 ut
1764 4782 2055 4843 omnium
2086 4786 2510 4844 creaturarum
2536 4781 2612 4842 ad
2642 4780 3030 4842 laudandum
