3550 5367
234 331 290 391 ne
772 283 858 385 'mu
883 327 913 398 3,
938 325 1026 384 aar

230 477 380 547 ardentis
403 489 437 541 et
459 475 499 542 dc
520 473 676 541 manibus
701 473 780 556 tuis,
802 497 820 540 o
839 497 916 556 ree,
937 473 1100 556 tiberarc;
1118 495 1151 538 v.
1177 477 1217 539 18
1237 471 1359 562 quodsi
1378 472 1547 555 noluerit,

231 599 349 653 notum
371 584 414 650 sit
432 581 506 663 tibi,
522 601 600 662 reu,
624 581 708 670 quia
730 580 809 647 deos
831 593 905 647 tuos
926 603 994 647 noa
1019 579 1160 646 colimus
1174 591 1208 645 et
1227 591 1377 645 statuam
1403 601 1548 645 auream

231 714 336 780 qttam
356 689 494 756 erexisti
508 709 577 754 non
591 686 774 752 adaranms
791 691 824 753 »Ξ
842 692 1027 753 —textum
1047 686 1201 775 explica:
1218 685 1245 750 si
1264 690 1330 751 lieo
1345 690 1460 751 nostro
1474 684 1550 774 pla-

229 798 352 878 cuerit,
377 796 503 885 poterit
520 815 581 860 nos
606 792 765 859 liberare.
788 797 859 859 Non
887 798 1092 879 arroganter
1116 791 1305 881 postulant,
1330 813 1399 858 non
1421 773 1550 857 temere

232 903 423 984 confiduut3
441 900 498 967 scd
514 899 652 990 quidde
673 900 731 966 Dei
746 900 900 989 potentia
913 899 1055 966 credant
1069 920 1187 965 coram
1202 919 1285 984 rege
1298 895 1504 986 profitentur
1518 905 1551 964 et

70 991 72 998 ¹
162 994 164 1009 ¹
230 1012 362 1077 sortiter
380 1013 512 1094 negant
535 1027 569 1073 se
586 1005 690 1072 deum
710 1007 815 1072 alium
838 1012 1073 1073 veneraturos,
1098 1005 1314 1072 Praeclarum
1336 1003 1418 1071 fidei
1440 1026 1551 1069 exem-

234 1119 346 1208 plum!
363 1117 444 1182 llira
462 1114 573 1180 clucet
587 1113 623 1180 in
636 1133 797 1201 responso
811 1112 920 1202 pietas
934 1117 968 1178 et
982 1111 1166 1202 prudentia
1179 1113 1299 1200 (Pan).

273 1229 342 1292 Rex
366 1220 539 1310 repulsam
562 1219 652 1286 ferre
673 1220 813 1285 minime
834 1226 986 1286 assuetus
1009 1217 1224 1285 excandescit
1239 1219 1293 1284 ira
1312 1239 1345 1282 v.
1369 1222 1410 1283 19
1432 1248 1447 1278 ιι
1467 1229 1549 1282 tanc

233 1326 761 1415 Nabuchodonosorrepletusest
776 1327 896 1415 [arare
912 1338 946 1393 et
958 1324 1226 1415 aspectussaciei
1244 1323 1338 1391 iltius
1350 1323 1552 1391 immutatas

231 1451 282 1505 est
299 1458 399 1526 saper
416 1433 580 1514 Sidraclt,
600 1433 728 1500 llisaclt
749 1443 781 1498 et
796 1432 980 1522 Atteuaqo
997 1445 1031 1498 et
1040 1431 1219 1521 praecepit
1238 1444 1276 1497 ut
1292 1429 1552 1498 succenderetur

129 1617 132 1624 Δ
231 1547 357 1635 samaa
373 1540 568 1632 septuplum
593 1561 697 1629 quam
715 1539 877 1606 succendi
897 1550 1117 1606 consueuerat
1130 1561 1163 1603 v.
1184 1543 1228 1604 20
1248 1550 1282 1604 ct
1303 1537 1385 1603 viris
1407 1537 1552 1624 fortissi-

234 1653 298 1718 mis
310 1650 350 1716 de
370 1647 518 1714 enereitu
537 1667 597 1712 suo
616 1646 727 1726 iussit,
742 1657 780 1718 ut
807 1644 920 1735 lipatis
934 1643 1081 1734 pedibus
1106 1643 1269 1725 Sicinactt,
1291 1643 1422 1710 Miscet
1437 1655 1469 1710 et
1483 1643 1552 1711 Ab·

230 1757 363 1847 dcnapo
384 1755 557 1822 mitterent
573 1773 627 1818 eas
652 1753 689 1819 in
707 1753 884 1840 fornacem
912 1753 999 1841 iqm's
1017 1750 1187 1833 maenae
1208 1773 1240 1817 v.
1260 1755 1299 1816 21
1323 1762 1356 1817 et
1375 1751 1551 1840 confestim

233 1863 301 1931 uiri
322 1861 377 1930 illi
395 1860 502 1928 uincti
521 1881 600 1925 cam
627 1857 757 1926 braccis·
774 1859 841 1924 suis
860 1871 893 1925 et
910 1859 1007 1924 tiaris
1032 1871 1067 1924 ct
1089 1857 1326 1925 calceamentis
1352 1869 1386 1924 ct
1407 1856 1553 1924 cestibus

234 1969 328 2036 mim
342 1979 422 2034 suat
437 1968 474 2033 in
491 1963 641 2032 inedium
652 1965 805 2052 fornacis
821 1965 910 2053 ipm's
923 1965 1076 2032 ardentis
1087 1987 1123 2045 »;
1139 1964 1319 2030 -ccnsuit
1329 1986 1388 2030 rex
1400 1985 1435 2030 se
1446 1964 1552 2030 maxi-

233 2099 326 2144 mam
345 2073 553 2165 praestitisse
571 2073 716 2158 gratiam
738 2071 889 2160 eoquod
909 2073 1202 2162 opportunitatem
1221 2072 1262 2136 iis
1279 2073 1484 2138 concesserit
1497 2093 1552 2137 re-

231 2180 401 2250 sarciendi
413 2179 579 2246 iniuriam
595 2176 660 2244 deo
675 2199 736 2244 suo
755 2177 904 2258 illatam;
927 2200 1032 2266 quam
1051 2197 1131 2244 cum
1147 2175 1198 2242 illi
1217 2176 1463 2266 repudiassent,
1482 2177 1553 2242 iam

232 2293 401 2357 immenso
414 2287 530 2354 furore
551 2284 755 2373 corripitur;
778 2305 885 2373 quare
905 2283 1081 2350 fornacem
1095 2283 1198 2350 nimis
1212 2281 1307 2349 iubet
1322 2282 1493 2365 succendi,
1514 2289 1553 2348 ut

235 2397 391 2462 homines
416 2391 468 2458 illi
491 2390 644 2480 pestiferi
667 2389 868 2478 quantocius
889 2389 1083 2455 interirent.
1105 2393 1218 2456 Vestes
1242 2395 1553 2455 commemorantur

234 2506 351 2591 utpote
369 2496 513 2566 materia
526 2517 613 2584 quae
633 2495 795 2562 facillime
807 2495 889 2580 igne
907 2495 1107 2563 absumitur.
1130 2495 1353 2562 Nominantur
1371 2483 1478 2594 pipin
1497 2496 1550 2561 in-

233 2625 334 2692 dusia
348 2623 402 2689 vel
415 2593 571 2702 tunicae,
590 2641 693 2708 (lnam
710 2639 829 2684 vocem
849 2641 890 2685 ea
909 2619 1048 2685 notione
1067 2619 1259 2708 praeditam
1277 2641 1318 2684 ex
1337 2618 1475 2686 arabico
1494 2641 1550 2683 ex-

234 2731 379 2821 plicant;
397 2728 454 2795 alii
477 2726 520 2792 de
538 2724 653 2816 palliis
674 2723 892 2810 intelligunt3
910 2731 1059 2791 ceterum
1082 2726 1155 2792 voci
1177 2727 1354 2791 notionem
1375 2724 1552 2814 operiendi

235 2844 269 2903 et
284 2833 467 2902 obvelandi
482 2831 658 2898 vindicant
675 2831 712 2895 in
728 2830 914 2897 aramaico.
933 2832 1015 2897 Dein
1035 2830 1136 2919 nina,
1153 2833 1302 2898 incertae
1313 2836 1429 2897 tamen
1444 2830 1550 2917 signi-

234 2960 415 3039 ficationis,
432 2957 498 3023 nisi
513 2954 603 3045 quod
620 2975 737 3020 vocem
752 2953 797 3019 ad
812 2956 988 3021 notionem
999 2955 1214 3044 expandendi
1233 2955 1386 3021 referunt
1403 2955 1550 3044 indeque

235 3067 386 3134 tunicam
396 3116 404 3146 ,
414 3063 514 3129 hebr.
531 3061 624 3165 rigny,
645 3083 705 3126 seu
715 3067 842 3127 vestem
855 3061 1007 3150 aliquam
1015 3060 1217 3150 ampliorem
1229 3062 1414 3150 explicant3
1429 3059 1548 3127 Theod.

235 3193 336 3258 vertit
348 3193 481 3286 cuipare,
499 3188 580 3254 item
594 3189 688 3268 LXX,
706 3185 845 3251 tortasse
865 3207 984 3251 vocem
996 3186 1150 3271 ignotam
1169 3191 1407 3275 comparantes
1426 3207 1551 3272 graeco

233 3311 372 3396 πετάσῳ.
395 3318 466 3380 Duo
479 3311 565 3378 haec
580 3310 783 3376 vestimenta
805 3307 903 3376 haud
918 3310 1034 3398 inepto
1056 3309 1223 3398 explicare
1244 3311 1372 3398 poteris
1390 3331 1430 3374 ex
1449 3313 1551 3375 Hero·

235 3432 331 3512 doto,
351 3450 459 3518 aquo
480 3422 570 3487 κιθὼν
590 3412 759 3496 animeris
776 3419 875 3496 λίνεος
895 3429 928 3489 et
951 3446 1053 3513 super
1077 3425 1166 3490 hanc
1180 3432 1309 3491 vestem
1321 3417 1414 3498 ἄλλος
1434 3421 1552 3508 εἰρινέος

235 3543 325 3607 κιθών
336 3541 529 3630 Babyloniis
541 3547 717 3629 tamquam
731 3539 925 3605 vestimenti
940 3560 1049 3624 genus
1061 3539 1284 3614 adscribitur;
1301 3561 1426 3607 nomen
1437 3547 1551 3606 autem

237 3652 374 3717 tertium
390 3639 489 3747 niun?
504 3643 787 3734 interpretaberis
803 3667 842 3710 ex
857 3644 979 3709 eodem
996 3666 1076 3711 cum
1097 3644 1188 3712 dieat
1206 3646 1400 3734 Babyloniis
1419 3646 1552 3713 duabus

236 3784 305 3849 illis
323 3781 471 3850 vestibus
485 3769 723 3868 capitanata
742 3763 902 3862 χλανίδιον
917 3774 1024 3840 λευκόν
1040 3777 1192 3868 (1,195);
1211 3777 1333 3845 Tteot.
1354 3780 1453 3846 tertio
1477 3780 1551 3845 loco

237 3899 342 3966 habet
364 3897 588 3986 περικνημῖσιν,
612 3896 691 3958 Lxx
712 3887 884 3979 ἱματισμῷς
905 3898 940 3958 at
958 3915 1021 3983 pro
1036 3900 1159 3981 quarta
1173 3915 1255 3960 voce
1277 3893 1318 3960 de
1336 3893 1479 3960 uestibus
1497 3893 1551 3960 ni·

236 4005 285 4070 hil
301 4003 484 4094 praebent;
502 3999 634 4090 explica
656 3998 698 4063 de
722 3997 864 4088 reliquis
889 4000 1169 4066 vestimentorum
1190 4000 1358 4089 partibus.
1385 4005 1430 4067 Eo
1458 3999 1552 4090 quod

237 4111 332 4176 nulla
343 4116 438 4200 parte
451 4109 731 4201 vestimentorum
751 4104 885 4192 spoliati
901 4111 980 4171 sunt
1000 4105 1050 4195 (id
1066 4106 1158 4194 quod
1174 4112 1289 4172 tamen
1307 4107 1376 4176 reis
1391 4129 1431 4173 ac
1447 4105 1552 4174 malc-

236 4217 308 4284 licis
326 4217 401 4281 fieri
422 4216 565 4296 solebat,
587 4216 688 4303 prout
712 4217 934 4278 monumenta
957 4234 1093 4302 quoque
1115 4212 1313 4291 ostendunt;
1330 4214 1371 4280 ci.
1394 4213 1548 4303 Lapara,

223 4322 440 4389 ltiscoverics
452 4322 488 4387 in
508 4321 567 4387 the
583 4319 679 4386 ruins
703 4317 739 4384 cl
755 4318 900 4384 Niniveh
918 4319 987 4385 and
1011 4318 1183 4406 Babylon,
1203 4341 1238 4407 p.
1257 4320 1349 4408 1057),
1367 4319 1470 4386 simul
1490 4320 1549 4387 de-

235 4429 359 4496 clarari
376 4427 512 4493 videtur
527 4431 656 4516 quanta
670 4425 886 4491 festinatione
898 4425 1064 4491 sententia
1079 4425 1170 4511 regis
1181 4426 1223 4491 sit
1235 4425 1550 4494 exsecutioniman-

236 4536 327 4603 data.
341 4538 554 4600 -Ceterum
573 4553 650 4598 cnm
665 4535 746 4598 Lxx
765 4537 799 4597 ct
817 4529 940 4598 Theod.
962 4531 1072 4596 solum
1090 4531 1279 4620 praebeant
1296 4533 1365 4598 tria
1382 4532 1551 4600 vocabula

236 4650 270 4710 et
284 4639 691 4728 enumeratispraccipuis
700 4637 912 4703 vestimentis
920 4637 1014 4704 haud
1028 4658 1179 4724 congrue
1189 4637 1336 4705 addatur
1344 4638 1548 4705 vocabulum

236 4749 397 4838 gencrale
417 4747 580 4828 vestium,
597 4744 741 4834 suspicio
762 4744 871 4809 oritur
885 4765 962 4811 eam
981 4766 1098 4810 vocem
1122 4745 1226 4813 textui
1248 4767 1318 4813 esse
1340 4743 1549 4835 adscriptam
