3550 5367
245 315 304 374 282
799 309 877 366 DAN.
902 309 950 375 10,
976 307 1012 364 13

244 465 353 551 igitur
367 468 433 529 Deo
451 462 584 528 adeius
600 459 741 526 consilia
759 459 795 524 iu
815 457 1014 524 hominibus
1029 453 1261 545 promovenda
1277 457 1310 518 et
1327 449 1565 540 exsequenda3

243 571 271 637 si
290 575 404 638 autem
427 568 509 651 hoc,
535 568 571 633 in
591 585 778 652 regnorum
799 587 937 654 quoque
961 562 1255 629 administratione
1273 580 1369 626 suam
1395 559 1567 626 collocare

243 675 418 744 debebunt
432 695 561 741 curam.
581 677 689 750 Quare
710 695 749 738 ex
766 671 930 738 doctrinis
950 671 1019 736 iam
1041 669 1176 736 traditis
1195 687 1405 756 consequens
1424 685 1567 754 quoque

243 788 307 866 est,
323 788 360 848 ut
380 781 519 867 angelos
538 779 640 846 borres
660 799 883 864 agnoscamus
901 796 1088 862 regnorum
1108 781 1250 841 tutores.
1270 772 1363 840 Unde
1378 793 1566 862 perperam

243 889 452 955 concludunt
476 887 581 976 aliqui
603 885 819 955 exdoctrina
838 884 880 950 de
903 883 1034 970 angelis
1058 881 1103 949 ad
1121 888 1256 970 tempus
1280 878 1563 958 machabaieum;

244 995 322 1061 vide
337 994 473 1081 Prolcg.

287 1105 472 1189 Tamquam
502 1104 628 1165 tutores
657 1120 773 1165 curam
800 1120 857 1163 ecs
883 1095 1064 1186 specialem
1098 1094 1242 1174 habere,
1273 1097 1311 1159 ut
1338 1093 1389 1158 sui
1417 1091 1565 1180 quisque

243 1209 344 1293 regni
355 1207 486 1273 bonum
501 1211 534 1271 ct
548 1206 815 1272 emolumentum
832 1208 1044 1292 promoveat,
1062 1201 1162 1268 facile
1177 1202 1341 1290 sequitur.
1358 1204 1467 1289 Atque
1480 1197 1564 1265 inde

244 1313 414 1401 explicant
430 1311 601 1402 quomodo
617 1311 764 1398 intelligi
781 1311 905 1376 debeat
919 1331 1028 1375 unum
1048 1307 1211 1394 angelum
1226 1307 1325 1372 alteri
1340 1309 1494 1373 resistere
1507 1305 1561 1371 vel

243 1419 408 1506 angelum
427 1441 585 1508 pugnare
607 1419 770 1485 adversus
789 1416 953 1504 angelum
969 1439 1002 1482 v.
1020 1422 1075 1481 20.
1092 1420 1127 1480 ln
1143 1436 1247 1503 quam
1266 1435 1339 1480 rem
1354 1414 1402 1479 ita
1416 1415 1453 1481 S.
1475 1413 1563 1478 Tho-

243 1548 316 1592 mas
331 1547 343 1591 :
360 1553 377 1588 r
398 1526 567 1610 contingit
589 1524 797 1614 quandoque
816 1522 908 1613 quod
928 1524 963 1588 in
988 1521 1131 1588 diversis
1150 1522 1265 1607 regnis
1288 1520 1343 1587 vel
1362 1521 1398 1586 in
1421 1518 1564 1585 diversis

242 1621 443 1698 hominibus
463 1631 631 1697 contraria
647 1633 769 1696 merita
783 1631 838 1696 vel
853 1627 1022 1695 demerita
1044 1628 1277 1708 inveniuntur,
1292 1633 1330 1692 ut
1354 1647 1443 1692 unus
1462 1625 1565 1691 alteri

242 1738 488 1828 subdaturaut
504 1739 643 1826 praesit.
665 1736 752 1813 Quid
770 1742 885 1802 autem
907 1757 1011 1825 super
1027 1736 1092 1800 hoc
1111 1732 1195 1800 ordo
1214 1733 1351 1799 divinae
1373 1732 1563 1822 sapientiae

242 1843 368 1910 habeat
392 1865 597 1931 cognoscere
620 1843 734 1930 angeli
756 1865 822 1910 non
843 1848 983 1931 possunt
1001 1841 1069 1908 nisi
1089 1845 1156 1907 Deo
1177 1840 1365 1920 revelante3
1388 1840 1480 1905 unde
1502 1861 1565 1904 ne-

242 1973 331 2017 cesse
353 1951 481 2017 habent
495 1972 598 2040 super
613 1951 666 2016 his
687 1951 891 2038 sapientiam
918 1950 975 2018 Dei
994 1948 1182 2016 consulere.
1199 1948 1254 2013 Sic
1274 1947 1384 2032 igitur
1396 1946 1434 2012 in
1450 1967 1562 2034 quan-

242 2061 315 2122 tum
343 2056 384 2122 de
408 2056 590 2122 contrariis
609 2055 739 2122 meritis
764 2062 798 2121 et
820 2053 884 2120 sibi
909 2053 1182 2143 repugnantibus
1206 2051 1359 2118 divinam
1381 2052 1565 2118 consulunt

241 2161 463 2243 voluntatem,
482 2163 636 2228 resistere
650 2161 714 2227 sibi
727 2162 874 2227 invicem
888 2161 1062 2243 dicuntur,
1083 2182 1152 2226 non
1167 2160 1249 2249 quia
1263 2159 1330 2226 sint
1343 2179 1462 2224 eorum
1481 2179 1563 2223 con·

241 2270 365 2334 trariac
383 2268 575 2334 voluntates
589 2268 682 2356 (cum
696 2269 734 2334 in
757 2269 821 2334 hoc
842 2289 960 2333 omnes
978 2265 1186 2333 concordent
1206 2265 1298 2356 quod
1315 2266 1372 2331 nei
1395 2265 1564 2331 sententia

242 2373 455 2464 impleatur);
484 2374 543 2440 sed
579 2375 659 2463 quia
690 2397 730 2440 ca
748 2374 801 2440 'dc
829 2374 953 2462 quibus
981 2373 1161 2440 consulunt
1181 2378 1260 2439 sunt
1286 2373 1559 2462 repugnantia»

243 2480 409 2569 (Summa,
427 2486 489 2568 lq.
510 2487 571 2547 113
589 2487 654 2546 art.
677 2479 709 2568 8)
731 2485 763 2545 et
782 2482 819 2548 S.
843 2479 1051 2569 Greporz'us:
1070 2511 1084 2540 ιι
1100 2479 1263 2546 sublimes
1279 2480 1417 2568 spiritus
1431 2478 1561 2545 eisdem

243 2585 431 2672 gentilibus
450 2586 681 2674 principantes
702 2608 922 2675 nequaquam
942 2609 1005 2676 pro
1022 2588 1148 2652 iniusta
1166 2585 1348 2673 agentibus
1362 2583 1559 2666 decertant,

241 2691 301 2757 scd
322 2714 440 2757 eorum
460 2692 549 2758 facta
571 2698 660 2758 recte
682 2691 871 2758 iudicantes
895 2693 1108 2774 examinant,
1128 2714 1273 2783 cumque
1289 2691 1562 2781 uniuscuiusque

242 2797 352 2883 gentis
374 2799 427 2864 vel
450 2799 552 2887 culpa
571 2797 623 2864 vol
645 2799 771 2866 iustitia
795 2799 839 2865 ad
859 2821 1039 2890 supremae
1063 2801 1179 2866 curiae
1202 2799 1382 2866 consilium
1408 2799 1559 2882 ducitur,

241 2904 394 2970 eiusdem
409 2906 520 2991 gentis
535 2906 746 2995 praepositus
769 2906 822 2971 vel
844 2907 1032 2974 obtinuisse
1053 2909 1090 2973 in
1112 2906 1297 2972 certamine
1313 2906 1365 2970 vel
1385 2928 1453 2972 non
1470 2906 1562 2972 obti-

240 3010 352 3076 nuisse
363 3011 582 3099 perhibetur;
593 3035 740 3101 quorum
751 3017 863 3080 tamen
877 3015 1032 3080 omnium
1048 3037 1116 3080 una
1128 3013 1271 3080 victoria
1279 3020 1339 3092 est,
1350 3013 1402 3078 sui
1413 3034 1561 3101 superse

240 3118 407 3183 Creatoris
427 3117 599 3200 voluntas,
617 3141 720 3208 quam
743 3119 825 3185 dum
848 3142 984 3209 semper
998 3121 1182 3210 aspiciunt,
1202 3119 1293 3208 quod
1316 3118 1471 3185 obtinere
1490 3141 1561 3186 non

240 3223 356 3289 valent
374 3245 554 3314 nunquam
574 3227 725 3292 volunt»
745 3227 896 3313 (lloralia
917 3228 954 3293 in
970 3227 1026 3293 lob
1043 3227 1104 3293 lib.
1127 3234 1166 3293 17
1186 3249 1261 3317 cap.
1281 3232 1338 3309 123
1360 3227 1408 3293 M.
1425 3230 1559 3314 raas).

241 3337 325 3396 [lum
341 3330 414 3397 scil.
432 3353 512 3397 suae
526 3331 670 3421 quisque
686 3334 797 3419 gentis
812 3333 941 3400 bonum
958 3341 990 3400 et
1004 3333 1272 3400 emolumentum
1287 3333 1431 3420 angelus
1445 3335 1563 3423 cupie-

240 3435 300 3502 bat
316 3459 534 3525 promovere‚
557 3444 695 3504 censent
710 3439 903 3506 Gabrielem
923 3462 1033 3506 orasse
1051 3445 1157 3506 Deum
1177 3444 1214 3506 ut
1227 3462 1345 3506 omnes
1365 3440 1482 3507 ludaei
1502 3463 1561 3507 rc-

211 3565 215 3574 ·
241 3542 354 3608 dirent
369 3544 404 3607 in
420 3545 586 3632 patriam,
606 3546 769 3630 angelum
785 3553 900 3612 autem
913 3550 1091 3612 Persarum
1113 3569 1171 3612 eos
1194 3569 1372 3613 remanere
1397 3546 1559 3627 voluisse,

241 3653 278 3714 ut
295 3654 415 3714 Persae
429 3671 491 3738 per
510 3671 565 3716 eos
584 3673 702 3717 verum
718 3658 963 3738 cognoscerent
982 3658 1088 3718 Deum
1112 3654 1166 3738 (cf.
1182 3656 1257 3720 Per.
1274 3656 1363 3724 Mur.
1384 3656 1469 3743 Lap.
1489 3653 1558 3721 rar.

243 3754 346 3822 Gord.
364 3756 465 3836 Loclc,
482 3755 578 3824 noll.
600 3755 710 3845 nea).
726 3759 835 3823 Aliam
850 3758 910 3826 alii
925 3781 1063 3826 causam
1079 3759 1247 3826 dissensus
1258 3761 1459 3846 angelorum
1473 3760 1561 3826 affe-

240 3865 335 3944 runt,
358 3862 430 3928 scil.
453 3863 614 3948 angelum
642 3867 822 3929 Persarum
845 3871 1040 3939 cernentem
1062 3865 1169 3955 ipsius
1191 3867 1322 3932 Israelis
1341 3865 1564 3956 iniquitatem

239 3988 342 4052 aegre
358 3968 472 4033 tulisse
498 3969 590 4056 quod
616 3970 641 4035 ii
662 3970 799 4036 maioris
824 3970 1059 4061 providentiae
1080 3973 1231 4039 fructum
1250 3973 1380 4039 ferrent
1403 3972 1561 4060 (Theou.)

239 4074 291 4138 vel
306 4073 386 4162 quia
400 4075 530 4141 ludaeis
552 4077 587 4141 in
607 4078 750 4164 patriam
775 4078 886 4144 redire
906 4078 1129 4145 renuentibus
1144 4081 1347 4148 irasceretur
1363 4080 1413 4169 (S.
1434 4079 1561 4169 Ephr.)

239 4178 293 4243 vel
308 4181 389 4267 quia
411 4182 618 4248 existimaret
638 4182 778 4249 ludaeos
796 4207 862 4250 non
879 4207 941 4274 pro
956 4187 1106 4274 peccatis
1118 4186 1196 4252 satis
1210 4185 1340 4251 dedisse
1353 4208 1560 4275 poenarum.

240 4290 329 4362 Quae
350 4288 497 4353 rationes
525 4289 579 4354 vix
607 4289 748 4378 probari
768 4296 946 4378 poterunt;
971 4293 1030 4358 sed
1055 4292 1241 4359 dicendum
1262 4298 1312 4359 est
1335 4315 1413 4359 cum
1435 4294 1562 4360 nscio.-

242 4417 257 4450 «
273 4391 405 4475 figurae
417 4393 584 4461 locutione
598 4397 828 4483 significatum
842 4403 893 4464 est
907 4398 1096 4487 quemlibet
1110 4400 1272 4485 angelum
1285 4402 1345 4488 qui
1356 4400 1410 4466 vel
1422 4400 1561 4466 homini

240 4496 294 4561 vel
308 4519 416 4582 regno
429 4502 642 4589 praepositus
656 4508 721 4585 est,
740 4526 873 4572 summa
884 4527 966 4570 cura
981 4511 1015 4570 ct
1028 4505 1141 4570 studio
1156 4507 1281 4571 instare
1298 4528 1360 4594 pro
1380 4511 1476 4594 parte
1490 4505 1561 4574 sibi

240 4605 433 4688 commissa,
452 4605 559 4673 donec
578 4631 640 4696 per
652 4610 895 4677 revelationem
905 4611 945 4676 iis
962 4616 1091 4677 constet
1105 4612 1147 4678 dc
1165 4611 1283 4679 divina
1297 4613 1471 4678 voluntate
1490 4612 1561 4679 ali-

240 4709 324 4798 quid
339 4709 512 4777 diversum
533 4713 710 4781 ordinante
729 4744 758 4782 n.
