3550 5367
1586 330 1742 382 DAN*
1795 330 1891 394 il,
1939 330 2131 386 2-1-22
3063 334 3167 390 3111

522 498 750 558 gnum,
782 498 1146 562 [it-cupasse
1182 478 1462 550 iniuria,
1498 474 1710 538 aliern
1758 478 2063 542 [nembro
2095 478 2279 542 clarc
2311 478 2651 546 indicatur
2683 486 2747 546 et
2787 482 2987 546 simul
3015 482 3175 546 dici-

522 586 646 646 fur
682 604 834 646 eum
866 602 1058 646 usum
1094 602 1234 646 csse
1266 582 1424 646 dolf·
1462 606 1538 646 ac
1571 582 2143 650 simulationibus.
2191 586 2507 654 Seleucus
2555 586 2735 650 enin]
2783 586 3175 674 Philopator

526 710 686 750 :funi
718 690 1018 750 ewa-mit
1066 694 1310 766 timna,
1350 690 1462 750 uhi
1494 688 1686 750 ulis-irs
1734 690 1975 766 sueta-it,
2015 698 2079 754 at.
2119 690 2263 754 eius
2307 690 2455 754 loct]
2499 694 2903 758 hennon-ium
2955 694 3168 758 filiurn

522 794 830 858 obsidam
866 794 1150 858 suiset-it.
1206 798 1442 858 'serum
1482 798 1851 882 antequam
1907 798 2275 862 Antiochus
2319 802 2799 878 reverteretur,
2855 798 3171 866 &almurus

526 898 618 966 al]
662 898 1010 966 mutulam
1038 902 1430 966 interfectus
1462 910 1590 974 est:
1622 902 1991 966 Antiochus
2035 906 2259 970 autem
2303 926 2591 990 regnum
2627 906 2815 994 quud
2855 910 3171 970 [lamet-rii

526 1006 650 1070 {ilii
674 1006 930 1070 Seleuci
966 1014 1106 1070 arat
1142 1030 1262 1094 pra
1298 1030 1366 1070 se
1390 1010 1778 1098 occuparit,
1815 1006 1975 1074 clun!
2027 1018 2375 1098 tamquam
2407 1010 2656 1098 pupilli
2699 1018 2887 1074 tuitii·
2935 1018 2999 1078 ..a
3044 1038 3171 1102 pra

530 1114 646 1178 illc-1
682 1122 742 1178 et
778 1114 954 1178 illius
988 1118 1262 1178 numine
1294 1138 1434 1178 rem
1458 1114 1939 1182 administrat-ff
1967 1114 2323 1182 vidrtffltur
2351 1118 2459 1206 [ef.
2488 1118 2639 1182 Per.
2675 1122 2907 1186 Sesites.
2947 1122 3163 1206 Luxia).

526 1222 722 1286 Notat
762 1226 830 1286 S.
878 1222 1062 1286 mma
1110 1242 1266 1286 eum
1318 1222 1750 1286 simulatione
1807 1222 2207 1290 clementiae
2255 1224 2627 1290 obtinuisse
2673 1246 2987 1310 reguum.
3047 1230 3167 1290 Re-

526 1346 742 1410 gnum
774 1326 1066 1390 obtinuit
1098 1350 1226 1414 upa
1258 1326 1574 1392 Eumenis
1602 1334 1662 1390 rt
1698 1330 1899 1394 Attali
1939 1330 2055 1414 qui
2103 1330 2527 1394 ll÷.·.limlo1³u111
2571 1334 3003 1418 aquilei-unu
3055 1354 3167 1398 aus

526 1434 806 1498 fni-tasso
858 1434 1402 1499 simulatiflnilms
1438 1438 1638 1522 atque
1685 1434 2195 1501 adulationibus
2242 1438 2315 1500 in
2351 1458 2507 1501 suas
2538 1446 2767 1525 partes
2807 1438 3161 1525 pertraxit.

619 1542 923 1624 Regnum
952 1561 1112 1604 vero
1139 1546 1541 1629 usurpatum
1564 1546 1800 1614 tuetur
1827 1563 1905 1607 ac
1931 1543 2181 1607 retinet
2207 1540 2405 1608 bellis
2433 1541 2719 1608 feliciter
2746 1544 2954 1628 gestis
2977 1567 3041 1610 v.
3078 1551 3164 1610 22

529 1675 559 1703 «
598 1656 663 1710 et
710 1644 986 1711 brachia
1020 1647 1402 1736 puqnantz's
1446 1647 2030 1736 ezpuqnabuntur
2078 1670 2120 1714 a
2163 1649 2346 1736 facie
2396 1648 2539 1716 eius
2576 1661 2643 1714 et
2695 1663 3165 1734 commentum·

522 1752 804 1840 insuper
840 1763 908 1816 et
930 1751 1072 1818 dux
1104 1752 1398 1841 foederis
1449 1773 1522 1832 »3
1569 1792 1657 1803 -
1704 1753 1794 1819 ad
1841 1754 2122 1820 verbum
2156 1777 2171 1819 :
2210 1752 2489 1821 brachia
2515 1753 2985 1822 inundationis
3024 1757 3163 1846 dif-

512 1857 742 1944 fluent
771 1857 854 1923 ab
886 1882 961 1925 eo
1001 1860 1050 1926 i.
1093 1882 1152 1925 e.
1189 1859 1521 1926 exercitus
1560 1881 1853 1945 magnus
1882 1861 2132 1946 fugiet,
2176 1861 2264 1927 ab
2294 1883 2374 1927 eo
2404 1861 2549 1928 scil.
2595 1862 2814 1928 victus
2853 1867 2919 1928 et
2960 1885 3163 1951 supe-

516 1971 738 2046 ratus;
790 1966 1152 2032 brachium
1198 1966 1603 2055 metaphora
1652 1971 1750 2032 est
1796 1989 1922 2056 pro
1960 1966 2233 2034 robore.
2289 1972 2457 2036 Rem
2500 1973 2738 2034 narrat
2782 1970 2855 2036 S.
2904 1969 3091 2035 Hier.
3138 1992 3159 2035 .·

521 2100 555 2132 «
595 2094 749 2139 cum
779 2080 928 2163 post
958 2079 1248 2140 mortem
1287 2073 1680 2162 Cleopatrae
1715 2072 1825 2160 (cf.
1872 2096 1936 2139 v.
1989 2072 2101 2161 17)
2147 2074 2419 2139 Eulaius
2449 2074 2804 2140 eunuchus
2832 2075 3161 2141 nutritius

519 2179 992 2245 philometoris
1021 2184 1088 2244 et
1114 2168 1370 2246 Leneus
1399 2184 1788 2269 Aegyptum
1818 2184 2140 2265 regerent
2160 2185 2226 2245 et
2251 2185 2639 2268 repeterent
2663 2181 2929 2266 Syriam
2950 2203 3157 2270 quam

514 2287 888 2353 Antiochus
927 2286 1169 2352 fraude
1213 2290 1700 2376 occupaverat,
1751 2290 1980 2352 ortum
2028 2290 2128 2351 est
2170 2287 2371 2351 inter·
2403 2287 2824 2352 avunculum
2873 2292 2941 2353 et
2991 2309 3158 2376 pue-
3194 2332 3207 2350 .

518 2415 673 2459 rum
708 2395 1163 2460 Ptolemaeum
1207 2391 1762 2482 (Philometorem
1786 2447 1801 2475 ,
1842 2392 2061 2458 filium
2101 2393 2500 2482 Cleopatrae
2528 2393 2776 2459 sororis
2804 2393 3151 2481 Antiochi)

513 2500 892 2589 proelium3
929 2522 1221 2588 cumque
1263 2500 1442 2565 inter
1486 2500 1830 2565 Pelusium
1861 2503 1926 2564 et
1969 2503 2268 2564 montem
2299 2500 2564 2566 Casium
2595 2500 2942 2588 proelium
2967 2521 3154 2566 com-

516 2607 881 2690 misissent,
915 2607 1078 2672 victi
1111 2611 1268 2672 sunt
1302 2605 1506 2672 duces
1545 2606 1910 2672 Ptolemaei
1957 2634 2014 2671 υ.
2053 2605 2153 2671 Ad
2181 2606 2657 2694 metaphoram
2688 2605 3155 2673 inundationis

514 2713 673 2779 vide
700 2717 781 2780 ls.
818 2719 969 2793 8‚8;
1006 2718 1233 2793 28,15.
1263 2717 1429 2778 Cum
1460 2712 1698 2779 foedus
1730 2712 1918 2802 apud
1949 2711 2296 2778 Danielem
2331 2710 2418 2778 de
2448 2711 2721 2779 foedere
2749 2734 2942 2778 sacro
2975 2713 3155 2779 inter

510 2824 727 2886 Deum
757 2825 821 2886 et
861 2820 1192 2910 populum
1223 2819 1359 2885 dici
1399 2819 1610 2885 soleat
1650 2819 1817 2908 (94.
1865 2825 1990 2899 27;
2033 2824 2255 2897 11,28.
2294 2820 2432 2905 30),
2471 2823 2536 2884 et
2564 2841 2643 2885 eo
2669 2841 2944 2907 quoque
2977 2824 3151 2885 tem-

508 2947 705 3015 pore,
749 2948 932 2992 anno
967 2932 1116 3006 172,
1162 2927 1362 2992 Onias
1392 2926 1470 2990 ΠΙ
1510 2924 2140 2991 machinationibus
2178 2925 2432 2990 Iasonis
2471 2924 2701 2990 fratris
2746 2945 2871 3013 per
2914 2926 3150 2991 Antio-

509 3032 722 3098 chum
770 3055 1002 3119 regem
1051 3033 1135 3097 sit
1174 3053 1441 3098 summo
1474 3029 1856 3098 sacerdotio
1897 3029 2213 3119 expulsus
2262 3032 2323 3114 (2
2356 3028 2567 3095 Mach.
2615 3036 2727 3110 ῐι,7
2759 3028 2971 3118 seq.),
3010 3030 3150 3096 dux

505 3138 804 3205 foederis
833 3141 974 3230 ipse
1005 3160 1311 3205 summus
1340 3137 1654 3204 sacerdos
1684 3137 1885 3203 Onias
1910 3138 2037 3202 erit
2070 3134 2585 3220 intelligendus;
2620 3136 2741 3200 iste
2775 3158 2816 3202 a
2849 3156 3013 3221 rege
3044 3135 3151 3202 di-

507 3246 773 3331 gnitate
817 3269 939 3312 sua
980 3251 1076 3312 est
1121 3247 1460 3335 privatus;
1509 3245 1582 3310 in
1621 3245 1765 3309 eius
1812 3244 2036 3309 locum
2092 3243 2408 3308 successit
2449 3245 2640 3307 Iason
2694 3241 2970 3331 impiuS.
3008 3246 3152 3309 Dux

506 3352 763 3419 dicitur
785 3353 1037 3438 frangi,
1076 3375 1234 3418 cum
1261 3375 1383 3419 sua
1409 3354 1737 3442 potestate
1759 3350 2125 3439 spoliatur-3
2158 3349 2439 3438 insuper
2458 3348 2764 3414 moribus
2780 3347 3141 3434 gentilium

506 3482 681 3548 quos
706 3464 899 3528 lason
928 3459 1195 3526 induxit
1223 3458 1525 3546 dignitas
1559 3478 1748 3524 sacra
1777 3476 1985 3545 quam
2013 3456 2305 3522 maxime
2337 3453 2657 3522 concidit.
2697 3459 2841 3544 lpse
2869 3477 3142 3544 quoque

502 3567 709 3633 Onias
744 3567 1035 3632 Menelao
1063 3567 1379 3632 moliente
1418 3569 1647 3655 postea
1675 3569 1770 3629 est
1798 3564 2248 3651 interemptus
2277 3562 2346 3649 (2
2376 3561 2586 3627 Mach.
2631 3561 2848 3649 t,33).
2878 3598 2969 3609 —
3009 3562 3143 3627 Alii

505 3672 752 3739 ducem
804 3672 1096 3740 foederis
1142 3672 1226 3738 de
1275 3671 1662 3738 Ptolemaeo
1712 3670 2170 3736 Philometore
2215 3667 2347 3734 dici
2383 3666 2778 3757 opinantur,
2833 3667 2951 3756 qui
2995 3667 3137 3733 scil.

505 3801 666 3845 cum
704 3780 1038 3845 Antiocho
1081 3778 1319 3846 foedus
1356 3778 1588 3844 inierit
1617 3783 1682 3843 et
1719 3777 1900 3842 filius
1938 3775 2021 3841 sit
2052 3775 2482 3863 Cleopatrae,
2519 3794 2726 3862 quam
2777 3772 3146 3838 Antiochus

501 3890 811 3972 Magnus,
845 3886 1157 3952 Antiochi
1183 3884 1560 3975 Epiphanis
1577 3889 1798 3973 pater,
1829 3882 2213 3948 Ptolemaeo
2233 3880 2575 3970 Epiphani
2599 3878 2780 3969 patri
2802 3878 3144 3943 Philome-

500 3993 666 4058 toris
699 3993 990 4060 foederis
1028 3992 1363 4078 iungendi
1397 4013 1599 4058 causa
1630 3989 2075 4079 desponderit
2121 3988 2228 4074 (cf.
2273 3986 2491 4055 Mald.
2526 3988 2762 4054 Sanct.
2812 3987 2983 4074 Lap.
3018 3988 3140 4065 Sa,

506 4099 561 4161 T
557 4098 669 4187 ir.)
709 4101 913 4166 etiam
946 4102 1018 4167 S.
1060 4100 1247 4166 Hier.
1303 4120 1461 4164 eum
1501 4097 1612 4164 vel
1650 4097 1888 4163 ludam
1930 4094 2415 4162 Machabaeum
2455 4092 2810 4173 designari
2851 4092 3018 4158 vult.
3063 4095 3146 4158 At

499 4227 757 4274 nomen
793 4228 1063 4273 sacrum
1100 4205 1394 4272 foederis
1411 4204 1656 4284 obstat,
1694 4202 1916 4269 obstat
1942 4199 2126 4290 quod
2151 4200 2222 4266 in
2249 4224 2314 4266 v,
2348 4205 2433 4267 23
2468 4198 2550 4265 de
2592 4198 2976 4266 Ptolemaeo
3003 4197 3144 4264 alia

501 4319 902 4392 narrantum
927 4335 1138 4402 quare
1181 4335 1320 4379 non
1351 4310 1717 4402 probabile
1756 4313 1857 4375 est
1884 4313 2087 4374 antea
2116 4307 2252 4373 dici
2294 4328 2451 4372 eum
2493 4327 2633 4372 esse
2666 4305 3036 4371 contritum
3074 4310 3140 4370 et

499 4418 948 4486 confractum.
979 4419 1163 4487 Unde
1211 4418 1328 4485 alii
1373 4419 1739 4484 dictionem
1783 4436 1983 4482 sensu
2029 4413 2338 4500 generali
2387 4412 2671 4501 capiunt
2723 4411 2806 4478 de
2845 4409 3139 4477 ducibus

493 4525 857 4592 foederatis
887 4548 1056 4615 quos
1080 4531 1337 4592 evertat
1370 4524 1602 4614 (Keil).
1630 4528 1711 4589 At
1740 4523 1984 4588 merito
2014 4520 2356 4609 explicant
2382 4519 2500 4586 alii
2534 4519 2619 4586 de
2651 4518 2819 4586 Onia
2854 4515 3129 4607 (Theod.

494 4632 797 4716 Palmer,
845 4633 1024 4700 Hz‘tz.
1070 4633 1192 4723 L),
1233 4632 1345 4698 cui
1391 4631 1630 4698 titulus
1672 4630 1865 4696 ducis
1906 4628 2083 4696 sacri
2119 4626 2446 4709 foederiS,
2492 4632 2728 4716 utpote
2771 4624 3083 4714 pontifici
3112 4675 3127 4704 ,

402 4753 411 4763 “
494 4741 739 4807 merito
767 4741 976 4807 tribui
1016 4743 1253 4830 potest.
