3550 5367
472 287 552 343 3⁴]
1197 299 1313 347 utut
1361 295 1597 339 AETATE
1641 295 1809 339 Lmen
1857 295 1953 335 'sur
2001 295 2379 339 nut'iffl‘oslws,

471 431 946 522 compositum.
991 429 1122 496 Sed
1171 429 1302 494 hoc
1350 429 1692 515 effugium
1731 429 2033 515 gratuito
2082 429 2528 514 excogitatur,
2574 430 2784 494 immo
2827 450 3105 518 prorsus

468 540 664 606 futile
704 544 824 604 est.
859 542 1031 603 Nam
1076 535 1495 626 auctorpeius
1543 523 1708 600 libri
1752 540 2016 601 tantam
2068 534 2266 601 affert
2312 537 2584 625 copiam
2618 556 2852 601 rerum
2885 537 3104 625 parti-

469 646 831 726 cularium,
860 642 1172 728 singulos
1202 646 1483 710 eventus
1512 647 1653 707 tam
1679 647 1993 708 accurate
2026 647 2091 706 et
2115 616 2560 707 determinate
2590 646 2848 725 narrat,
2876 649 2951 709 ut
2976 642 3104 733 ipsi

466 751 928 820 rationalia-tae
968 749 1166 815 fateri
1204 754 1542 835 cogantur
1572 739 1900 813 eum'esse
1931 747 2208 814 omnino
2238 746 2371 812 fide
2410 746 2701 833 dignum
2737 754 2807 814 et
2846 748 3102 817 librum

472 860 616 925 eius
645 879 864 924 unum
896 877 1036 922 esse
1071 877 1150 921 ex
1188 853 1494 921 fontibus
1524 854 2124 943 praestantissimis
2165 854 2491 920 historiae
2531 876 2762 921 rerum
2801 854 3109 921 iudaica-

470 986 625 1031 rum
656 964 764 1052 (cf.
804 963 1124 1044 Schttrer‚
1163 960 1562 1028 Geschichte
1591 959 1711 1026 des
1727 959 2093 1046 judisehen
2127 960 2365 1026 Volkes
2387 960 2483 1026 im
2514 961 2829 1027 Zeitalter
2858 966 2913 1028 J.
2945 960 3101 1027 Chr.

473 1074 526 1138 Π
576 1077 782 1152 1886,
823 1091 892 1160 p.
933 1068 1119 1158 580).
1163 1067 1442 1133 Etiamsi
1483 1069 1699 1133 oratio
1733 1067 2140 1134 Mathathiae
2181 1089 2222 1132 a
2249 1067 2577 1157 scriptore
2618 1072 2789 1133 esset
2830 1089 3108 1157 compo-

470 1180 621 1258 sita,
646 1183 878 1244 tamen
910 1173 1215 1241 validum
1239 1174 1709 1239 contineretur
1738 1178 2250 1259 argumentum.
2284 1174 2575 1239 Omnino
2607 1174 2791 1239 enim
2821 1174 3110 1262 scriptor

470 1283 599 1350 sibi
635 1282 1080 1372 persuasisset
1111 1278 1559 1346 Mathathiam
1592 1280 1687 1345 ita
1723 1279 1914 1367 loqui
1952 1280 2281 1369 potuisse;
2314 1300 2484 1365 ergo
2515 1279 2658 1368 ipse
2697 1281 2816 1369 qui
2857 1279 3110 1368 proba-

471 1389 797 1456 bilissime
829 1412 886 1454 c.
915 1408 1174 1460 annum
1197 1393 1322 1452 130
1353 1409 1415 1452 a.
1448 1387 1570 1451 Ch.
1605 1386 1876 1474 scripsit
1907 1385 2037 1474 (cf.
2070 1385 2388 1474 Cornely,
2411 1386 2661 1452 Introd.
2693 1389 2744 1451 11
2781 1394 2812 1452 1
2838 1409 2908 1475 p.
2943 1390 3105 1466 ῖιὸῖις

473 1495 772 1579 Kaulen,
825 1494 1216 1579 Einleitung
1261 1515 1330 1581 p.
1385 1498 1549 1570 2I÷13
1607 1492 2029 1581 Vz‘qourouoe,
2083 1493 2345 1559 Manuel
2379 1492 2693 1582 biblique
2733 1497 2787 1558 ll
2828 1515 2899 1581 p.
2947 1498 3105 1573 172;

474 1602 810 1669 ‹I'Envz'eu
837 1601 887 1667 l.
926 1622 982 1666 c.
1018 1623 1092 1689 p.
1132 1599 1322 1688 797),
1357 1597 1612 1665 librum
1645 1598 1940 1665 Danielis
1979 1600 2118 1665 iam
2150 1598 2271 1664 diu
2304 1605 2462 1665 ante
2501 1605 2812 1690 tempora
2841 1598 3114 1665 macha-

474 1709 677 1775 baica
718 1698 995 1774 librum'
1023 1727 1293 1773 sacrum
1340 1727 1480 1771 esse
1527 1704 1983 1772 existimatum
2035 1706 2229 1772 scivit
2278 1709 2344 1770 et
2397 1705 2735 1794 professus
2773 1711 2890 1772 est.
2927 1703 3115 1772 Adde
3193 1701 3197 1713 '

475 1813 659 1905 quod
704 1816 909 1881 etiam
946 1815 1018 1878 in
1069 1811 1294 1878 verbis
1332 1812 1750 1877 Mathathiae
1782 1834 1845 1877 v.
1892 1815 1974 1878 aa
2012 1818 2081 1878 et
2121 1818 2202 1878 62
2236 1811 2477 1878 allusio
2515 1812 2818 1877 cernitur
2847 1812 2933 1877 ad
2960 1834 3115 1879 ora-

475 1921 632 1987 cula
670 1920 960 1987 Danielis
995 1941 1010 1988 ε
1049 1941 1234 1985 nunc
1258 1917 1648 1986 confortata
1689 1923 1791 1984 est
1816 1918 2142 2007 superbia
2171 1925 2340 2001 etc.;
2383 1940 2422 1984 a
2451 1918 2678 1985 verbis
2713 1917 2844 1984 viri
2873 1940 3117 2007 pecca-

473 2028 637 2093 toris
668 2047 753 2093 nc
793 2025 1193 2103 timueritis3
1231 2025 1321 2092 ef.
1362 2030 1527 2091 Dan.
1569 2030 1768 2103 &253
1811 2030 2034 2105 11‚20.
2072 2031 2179 2091 36.

554 2259 871 2335 Antiquae
912 2258 1142 2335 origini
1178 2258 1327 2318 libri
1369 2257 1565 2316 etiam
1605 2256 2047 2316 testimonium
2093 2257 2291 2316 fertur
2319 2256 2592 2318 oraculis
2619 2274 2781 2333 quae
2818 2256 3123 2318 dicuntur

482 2356 800 2434 sibyllinis
818 2401 832 2428 ‚
860 2357 1107 2432 quaein
1133 2355 1324 2414 tertio
1347 2349 1514 2441 libro
1541 2353 1943 2413 oraculorum
1969 2354 2416 2432 sibyllinorum
2448 2356 2860 2415 continentur
2883 2373 2943 2415 v.
2970 2357 3119 2416 396-

476 2456 616 2513 400.
653 2455 782 2512 lam
815 2454 880 2512 in
911 2452 1030 2513 hoc
1060 2453 1248 2512 tertio
1268 2452 1434 2512 libro
1456 2451 1714 2511 oracula
1733 2451 2046 2511 contineri
2076 2452 2341 2530 antiqua
2370 2452 2572 2513 critici
2604 2470 2825 2514 omnes
2858 2470 3124 2513 consen·

476 2551 664 2610 tiunt.
702 2552 774 2609 Et
803 2549 1067 2627 quidem
1107 2550 1303 2610 Bleek
1334 2554 1552 2609 censet
1581 2568 1641 2608 v.
1675 2551 1900 2609 97-807
1935 2550 2266 2629 scripsisse
2306 2551 2606 2610 Iudaeum
2644 2551 3120 2612 alexandrinum

474 2653 765 2727 tempore
804 2646 1325 2709 Machabaeorum
1368 2646 1657 2726 (170-160
1696 2664 1751 2705 a.
1800 2646 1973 2726 Ch.);
2010 2647 2068 2707 ei
2117 2648 2526 2708 consentiunt
2563 2649 2834 2720 Gfrorer,
2878 2648 3115 2717 Liicke‚

478 2745 818 2806 Friedlieb.
860 2747 1113 2805 Partem
1164 2763 1300 2805 eam
1351 2743 1709 2822 Hilgenfeld
1757 2745 2058 2822 scriptam
2099 2749 2316 2806 censet
2362 2764 2418 2806 e.
2470 2763 2708 2807 annu-m
2752 2749 2888 2820 140,
2934 2747 3122 2823 eique

477 2845 884 2928 consentiunt
937 2861 1012 2902 ex
1052 2848 1225 2921 parte
1267 2842 1507 2903 Ziindel
1547 2846 1609 2903 et
1650 2828 1929 2903 Schiirer
1959 2843 2130 2921 (vide
2161 2844 2223 2903 Z
2226 2844 2430 2916 findet,
2470 2844 2785 2906 Kritische
2817 2846 3123 2906 Untersu·

479 2941 804 3019 chungen‚
837 2959 900 3019 p.
939 2942 1058 3002 140
1092 2959 1252 3018 seq.;
1293 2941 1571 3012 Schziren
1605 2941 1648 3000 1.
1685 2959 1740 3000 c.
1778 2959 1840 3018 p.
1883 2940 2047 3018 794).
2082 2944 2317 3020 Aperta
2345 2946 2558 3003 autem
2589 2943 2816 3003 allusio
2845 2943 3124 3002 cernitur

477 3039 652 3101 hisce
681 3040 913 3118 quibus
944 3057 1156 3100 sermo
1189 3045 1285 3099 est
1321 3039 1397 3133 de
1429 3039 1743 3099 Antiocho
1772 3039 2107 3118 Epiphane
2136 3041 2322 3118 eique
2351 3041 2643 3101 interitus
2672 3040 3065 3119 praedicitur
3099 3056 3116 3097 ;

1002 3224 1148 3305 ῥίζαν
1177 3225 1262 3283 ’ίαν
1291 3248 1354 3303 γε
1384 3226 1572 3298 διδοὺς,
1603 3225 1669 3297 ἣν
1700 3226 1791 3282 καὶ
1821 3225 1973 3307 κόψει
2001 3226 2329 3304 βροτολοιγός

1009 3326 1069 3381 ἐκ
1094 3323 1219 3381 δέκα
1252 3325 1315 3395 δὴ
1342 3324 1601 3404 κεράτων,
1633 3323 1781 3402 παρὰ
1812 3323 1866 3381 δὲ
1896 3323 2055 3403 φυτὸν
2087 3324 2216 3383 ἄλλο
2240 3322 2480 3404 φυτεύσει

1002 3423 1094 3479 καὶ
1119 3420 1233 3479 τότε
1265 3420 1328 3492 δὴ
1360 3422 1770 3500 παραφυόμενον
1802 3421 1959 3499 κέρας
1987 3420 2153 3501 ἄρξει.

561 3609 716 3669 Vide
747 3611 901 3669 Dan.
932 3613 1056 3680 7‚7.
1099 3611 1158 3669 8.
1195 3612 1291 3670 20.
1321 3609 1500 3670 Unde
1528 3610 1881 3670 secundum
1913 3609 2191 3687 priorem
2224 3613 2603 3671 sententiam
2635 3607 2955 3671 iam'anno
2990 3613 3125 3683 160,

484 3707 839 3767 secundum
875 3708 1136 3767 alteram
1175 3724 1339 3766 anno
1378 3709 1496 3767 140
1525 3726 1580 3766 a.
1625 3708 1733 3768 Ch.
1769 3707 1933 3767 liber
1962 3708 2238 3767 Danielis
2275 3708 2629 3769 imitatione
2661 3710 3132 3788 exprimebatur

483 3823 519 3865 a
576 3805 804 3865 Iudaeo
841 3805 1120 3882 quodam
1164 3804 1591 3865 alexandrino.
1638 3805 1878 3864 Eodem
1908 3805 2101 3865 modo
2133 3806 2198 3865 in
2229 3825 2287 3866 v.
2335 3808 2625 3880 608-617,
2658 3826 2818 3884 quae
2870 3827 3013 3885 pars
3054 3808 3130 3868 de

486 3903 794 3964 Antiocho
835 3902 1205 3981 Ephiphane
1244 3903 1373 3981 agit
1399 3909 1462 3963 et
1489 3903 1625 3963 eius
1652 3908 1939 3982 ternpore
1972 3908 2108 3963 ort-a
2128 3908 2243 3977 est,
2280 3905 2600 3978 utiBleek,
2625 3905 2863 3965 Ziindel
2886 3906 3129 3983 aliique

485 4005 764 4076 censent,
813 4001 1168 4061 imitatione
1216 4000 1596 4079 exprimitur
1634 4001 1960 4062 oraculum
2005 4001 2223 4061 Daniel
2261 4004 2293 4061 7
2304 4004 2430 4074 ,23;
2465 4004 2529 4061 in
2571 4021 2631 4061 v.
2661 4004 2934 4064 653-663
2984 4020 3133 4062 vero

484 4100 639 4159 Dan.
670 4102 727 4169 7,
755 4099 852 4158 10.
887 4101 981 4158 11.
1013 4100 1110 4157 13.
1138 4098 1356 4173 14301'.
1383 4096 1696 4158 Zzindell.
1724 4116 1777 4158 c.
1811 4100 2092 4158 159-163.
2124 4100 2255 4159 Iam
2289 4117 2440 4159 vero
2484 4100 2889 4161 manifestum
2921 4106 3049 4175 est,
3078 4102 3131 4160 si

483 4195 764 4257 Danielis
791 4197 1041 4256 oracula
1067 4195 1417 4256 imitatione
1437 4196 1822 4273 effinguntur
1849 4195 1927 4256 iis
1952 4196 2015 4255 in
2036 4198 2321 4275 partibus
2339 4216 2501 4275 quae
2527 4198 2644 4257 sub
2672 4197 2979 4259 Antiocho
2994 4200 3137 4277 Epi-

486 4295 694 4371 phane
745 4294 1138 4371 conscriptae
1188 4296 1354 4366 sunt,
1414 4294 1541 4353 iam
1593 4293 1702 4354 diu
1746 4311 1918 4354 sacra
1961 4296 2335 4357 auctoritate
2382 4299 2445 4354 et
2495 4295 2800 4373 dignitate
2848 4295 3139 4374 praedita

487 4410 647 4470 opus
683 4409 821 4451 esse
848 4409 923 4451 ea
958 4391 1334 4452 innotuisse.
1366 4392 1542 4462 Quod
1575 4409 1654 4450 ne
1687 4391 1879 4452 Bleek
1910 4394 2256 4453 concedere
2290 4397 2551 4471 cogatur
2581 4394 2863 4472 confugit
2891 4393 2969 4453 ad
3002 4395 3135 4472 opi-

487 4489 744 4549 nionem
786 4505 948 4566 quae
989 4489 1220 4550 merito
1261 4489 1339 4549 ab
1373 4489 1514 4548 aliis
1559 4489 1882 4561 irridetur,
1924 4490 2055 4549 vid.
2106 4495 2168 4550 et
2211 4497 2541 4551 auctorem
2578 4492 2724 4551 libri
2764 4492 3044 4552 Danielis
3076 4495 3138 4551 et

490 4588 863 4664 scriptorem
915 4587 1268 4646 carminum
1312 4587 1760 4665 sibyllinorum
1814 4605 1888 4646 ex
1935 4605 2062 4648 uno
2103 4589 2383 4666 quodam
2425 4589 2596 4649 sonte
2629 4591 2956 4651 communi
3001 4607 3141 4649 sen-

489 4686 744 4754 tentiaS,
779 4684 1093 4758 notioneS,
1121 4685 1431 4763 imagines
1453 4686 1997 4764 transsumpsisse.
2022 4686 2144 4747 Sed
2169 4688 2399 4748 merito
2419 4689 2717 4767 opposuit
2744 4687 3133 4766 Hilgenfeld:
