3550 5367
276 303 333 362 132
803 296 880 354 DAN.
903 296 934 366 3,
957 297 1051 355 tta-‘st

256 422 356 541 ¹,oetas
374 445 685 516 Nabuchodonosor
701 443 777 510 ait:
795 442 988 510 benetune
1004 446 1094 509 Deus
1108 465 1238 524 eornm,
1254 442 1400 511 Sidracb
1419 439 1585 520 uidelicet,

274 556 404 624 Mt'sacb
420 567 452 622 et
466 552 668 642 Abdenapo,
686 551 749 642 qni
760 550 851 617 misit
864 551 1026 639 anqclnm
1040 571 1140 616 snum
1154 564 1188 617 et
1205 550 1294 616 eruit
1309 571 1420 615 seruos
1436 571 1513 614 seros
1527 547 1589 637 qui
1627 535 1632 541 ’

275 661 491 730 crediderunt
505 661 540 726 in
555 681 632 725 cam
651 670 684 724 ct
702 657 838 724 verbnm
852 657 940 746 repis
958 657 1225 723 immutaverunt
1236 669 1270 723 et
1284 655 1498 723 tradiderant
1512 677 1587 720 cor-

268 793 359 860 poro
373 791 435 835 sua
455 790 496 834 ne
515 765 679 834 servirent
691 775 724 832 et
736 786 779 830 nc
793 763 977 830 adorarent
995 785 1129 830 omnem
1149 763 1250 831 decem
1264 773 1403 854 eccepto
1423 766 1492 828 Deo
1506 781 1588 842 suo;

274 901 306 945 v,
324 885 367 944 96
382 899 403 942 a
423 897 476 940 rnc
498 895 577 963 erpo
587 871 740 962 positam
762 881 811 936 est
827 871 891 938 lcoc
908 870 1096 952 demetenti,
1114 884 1153 936 ut
1171 870 1279 937 omnis
1292 870 1459 960 papirius,
1480 867 1589 934 tribus·
1628 943 1630 948 .

274 997 307 1050 et
328 983 446 1072 ltaque
470 1000 707 1070 quoecumque
730 978 845 1044 locata
862 977 972 1065 fecerit
997 975 1243 1068 blasphemiam
1270 990 1388 1042 contro
1412 978 1520 1042 Deum
1535 974 1588 1042 Si-

274 1090 394 1169 draclc,
418 1087 548 1154 Misaclc
570 1098 603 1152 et
621 1084 806 1174 Abdenopo
822 1083 992 1173 dispereat
1005 1096 1038 1150 et
1058 1083 1178 1150 donans
1198 1085 1268 1168 eins
1291 1094 1460 1166 vastetur,⁸
1479 1103 1592 1170 neque

275 1197 364 1264 em'm
386 1207 434 1262 cst
454 1193 543 1260 alins
566 1196 657 1258 Dens
677 1192 740 1281 qni
755 1191 862 1280 possit
883 1191 932 1257 ita
951 1191 1085 1257 calcare
1103 1213 1137 1272 »ς
1159 1229 1205 1242 -
1226 1189 1345 1259 laudat
1362 1210 1422 1256 rex
1450 1189 1589 1256 iuvenes

275 1303 366 1393 quod
392 1302 504 1392 patrio
528 1321 588 1366 suo
610 1298 674 1365 deo
696 1303 791 1364 tanto
814 1296 928 1364 studio
951 1296 1068 1364 fideles
1092 1297 1235 1376 tuerint,
1253 1303 1291 1363 ut
1310 1319 1388 1363 cum
1407 1296 1483 1386 ipso
1501 1296 1589 1362 vitae

274 1409 472 1476 discrimine
488 1407 595 1473 aliurn
610 1405 713 1471 deum
729 1405 840 1471 colere
861 1404 1056 1488 renuerint3
1076 1403 1156 1471 dein
1172 1404 1274 1470 etiam
1288 1404 1416 1470 fatetur
1434 1424 1502 1468 nou
1518 1423 1590 1469 esse

275 1517 381 1582 alium
404 1513 507 1582 delun
524 1510 610 1579 adeo
636 1516 830 1602 potentem,
846 1516 885 1577 ut
906 1533 946 1577 ex
966 1512 1028 1578 tali
1045 1512 1198 1601 periculo
1216 1511 1319 1600 possit
1343 1532 1422 1575 suos
1443 1509 1590 1575 cultores

275 1643 423 1690 servare.
441 1620 604 1709 Loquitur
620 1620 736 1708 itaque
756 1640 814 1684 rex
838 1619 888 1684 uti
911 1640 952 1684 ex
968 1620 1124 1704 gentium
1148 1619 1308 1708 opinione
1325 1638 1380 1682 res
1395 1615 1589 1683 considera-

274 1729 377 1795 batur
396 1751 404 1794 :
426 1727 558 1816 patrius
582 1725 666 1792 deus
684 1745 788 1814 quem
805 1724 948 1791 Sidrach
965 1723 1049 1791 colit
1070 1725 1191 1791 cultori
1214 1747 1275 1790 suo
1299 1746 1400 1814 opem
1426 1723 1504 1789 tulit
1525 1744 1590 1811 pro

275 1834 344 1902 fide
361 1839 512 1916 servata3
535 1853 656 1898 verum
673 1832 776 1918 longe
799 1831 895 1898 abest
919 1831 964 1898 ab
984 1832 1160 1918 agnitione
1184 1831 1288 1897 renites
1309 1833 1367 1898 Dei
1380 1835 1414 1897 et
1432 1829 1592 1896 vanitatis

276 1942 459 2008 idolorum.
480 1938 575 2006 Unde
598 1941 699 2005 etiam
723 1939 759 2004 in
784 1938 921 2005 decreto
940 1961 1011 2005 non
1026 1939 1129 2005 huius
1148 1939 1207 2006 [tei
1224 1940 1354 2004 cultum
1371 1937 1588 2027 praescribit.

275 2048 334 2116 sed
359 2047 471 2114 solum
496 2069 540 2112 na
566 2045 823 2134 blasphemetur
844 2045 1018 2135 probibet.
1042 2085 1086 2095 -
1111 2045 1260 2112 Verbum
1284 2046 1308 2112 i.
1336 2068 1366 2111 a.
1390 2043 1590 2111 mandatum

276 2155 367 2241 regis
386 2153 569 2220 immutare
591 2154 615 2220 i.
642 2175 671 2218 e.
694 2151 889 2238 negligere,
914 2152 1121 2238 transgredi.
1147 2156 1216 2218 Hoc
1234 2150 1352 2240 itaque
1375 2151 1514 2218 decreto
1537 2154 1591 2216 lu-

276 2261 370 2328 daeis
390 2258 654 2340 concedebatur,
670 2263 708 2324 ut
724 2281 798 2324 reos
817 2264 962 2344 agerent
975 2281 1091 2325 coram
1112 2257 1285 2325 iudicibus
1304 2258 1510 2348 quicumque
1528 2279 1591 2347 op·

276 2366 418 2456 probria
434 2367 582 2432 iacerent
597 2366 631 2430 in
647 2365 767 2442 lahve;
784 2365 899 2453 itaque
916 2355 1058 2431 ut'idem
1076 2366 1229 2433 tacerent
1245 2364 1338 2454 quod
1352 2364 1419 2430 viri
1432 2363 1592 2430 Chaldaei

277 2479 395 2539 eontra
414 2473 554 2538 iuvenes
567 2470 737 2538 faciebant
752 2492 785 2538 v.
806 2476 838 2538 8.
861 2475 972 2537 Poena
991 2471 1206 2561 proponitur,
1225 2478 1262 2538 ut
1279 2472 1317 2537 in
1335 2470 1445 2538 frusta
1461 2471 1537 2547 fiat,
1556 2470 1592 2535 in

276 2579 383 2644 frusta
398 2577 601 2644 concidatur
619 2583 651 2642 et
667 2576 788 2643 domus
806 2577 879 2643 eius
899 2578 935 2642 in
951 2579 1204 2667 sterquilinium
1220 2582 1374 2644 vertatur
1388 2577 1481 2667 (Vat.
1502 2578 1590 2643 Mor.

281 2685 428 2774 Calin.);
447 2684 490 2751 el.
512 2689 581 2766 λῖν.

323 2795 465 2856 Iuvenes
479 2795 593 2856 autem
614 2789 690 2856 illos
709 2791 826 2856 favore
845 2811 906 2856 suo
923 2798 1123 2880 prosecutus
1137 2814 1194 2858 rex
1214 2790 1258 2858 ad
1277 2790 1462 2880 ampliores
1477 2789 1593 2876 digni-

278 2902 363 2964 tates
377 2897 530 2986 provexit
546 2918 579 2962 v.
598 2902 639 2962 97
657 2925 673 2958 «
693 2910 773 2962 tnnc
788 2919 848 2962 ren
862 2899 1035 2986 promovit
1045 2897 1202 2982 Sidraclt,
1220 2899 1348 2964 Misoclc
1364 2911 1398 2964 et
1411 2896 1593 2986 Abdermpo

280 3005 316 3070 in
327 3003 505 3094 provincia
520 3001 704 3092 Babylonis
719 3024 754 3085 »3
770 3004 969 3093 -proprie
985 3026 1024 3070 ex
1038 3011 1132 3071 textu
1153 3027 1161 3070 τ
1182 3026 1387 3094 prosperum
1402 3024 1593 3070 successum

278 3121 326 3186 eis
343 3119 456 3197 dedit,
481 3142 538 3186 eos
555 3117 636 3184 feeit
653 3141 872 3209 prosperare,
891 3141 947 3186 eos
964 3119 1115 3186 reddidit
1131 3119 1261 3202 felices,
1286 3119 1471 3187 theodotio
1485 3117 1593 3180 κατεύ·
1610 3115 1615 3125 ’

279 3233 362 3316 θυνε;
380 3237 416 3303 S.
430 3233 522 3302 Hier.
537 3259 547 3299 :
563 3263 578 3294 α
595 3235 654 3323 qui
665 3232 896 3325 dicuntsupra
908 3240 975 3302 tres
989 3258 1113 3325 pueros
1124 3259 1193 3302 non
1203 3235 1333 3304 iudices
1344 3237 1595 3326 provinciarum

278 3340 338 3412 sed
352 3341 540 3432 praefectos
550 3363 691 3430 operum
702 3341 917 3428 singulorum
926 3342 1028 3410 fuisse
1043 3343 1079 3410 in
1089 3344 1277 3431 Babylone,
1293 3344 1350 3410 hic
1360 3343 1480 3410 volunt
1493 3343 1595 3409 etiam

280 3471 336 3516 eos
350 3449 606 3537 provinciarum
622 3447 751 3514 iudices
770 3450 970 3515 constitutos
989 3472 1024 3530 »3
1041 3449 1230 3516 secundum
1246 3454 1327 3517 m
1345 3451 1597 3517 constituuntur

280 3558 424 3654 ἄρχοντες
439 3568 473 3630 et
484 3563 656 3652 accipiunt
668 3569 871 3651 potestatem
881 3585 986 3652 super
998 3570 1105 3631 totam
1121 3566 1310 3651 regionem.
1329 3571 1366 3632 ln
1383 3587 1453 3654 qua
1467 3588 1597 3655 repro-

281 3693 359 3761 sper
373 3669 432 3737 ille
447 3690 618 3736 successus
635 3670 834 3749 eonstiterit,
850 3692 877 3736 s.
895 3677 1014 3736 auctor
1029 3693 1099 3738 uon
1112 3672 1226 3752 relert,
1239 3693 1319 3738 cum
1332 3673 1403 3738 eius
1415 3673 1595 3739 consilium

280 3780 316 3845 in
337 3778 387 3843 rei
404 3776 600 3842 narratione
615 3775 723 3841 solum
741 3775 844 3842 tuerit
858 3775 1053 3858 ostendere,
1070 3776 1243 3866 quomodo
1259 3784 1345 3846 Deus
1363 3799 1462 3845 suam
1477 3786 1597 3868 poten-

280 3885 365 3952 tiam
380 3882 541 3970 gentibus
553 3881 821 3949 manifestaverit
837 3891 871 3950 et
885 3904 1062 3950 servorum
1072 3906 1211 3951 suorum
1226 3884 1330 3951 fidem
1350 3885 1470 3952 eximie
1485 3906 1600 3952 remu-

282 3995 421 4058 neratus
440 4011 549 4056 suasa
564 3986 720 4078 periculo
735 3989 913 4079 eripuerit.
930 3993 998 4057 Hoc
1013 3996 1137 4057 eventu
1152 3991 1274 4077 religio
1288 3996 1322 4057 et
1335 3991 1446 4058 cultus
1459 3977 1599 4058 ludaeo-

283 4119 360 4162 rum
369 4097 405 4162 in
416 4093 728 4162 tutocollocabatur
739 4101 771 4160 et
779 4095 806 4161 si
818 4097 876 4185 qui
889 4118 930 4162 ex
944 4096 1122 4164 Chaldaeis
1131 4098 1401 4187 persecutionem
1413 4099 1450 4164 in
1460 4097 1600 4165 ludaeos

283 4224 420 4268 movere
440 4202 476 4268 in
495 4201 611 4268 animo
634 4200 824 4282 habebant,
842 4203 1053 4292 aproposito
1067 4226 1128 4270 suo
1144 4203 1208 4270 sibi
1223 4204 1291 4271 iam
1307 4227 1377 4271 esse
1397 4207 1601 4293 quantocius

191 4297 192 4302 ἵ
284 4308 516 4374 recedendum
531 4307 772 4374 intellexerunt
786 4310 878 4395 regis
897 4307 1035 4377 decreto
1055 4309 1286 4399 promulgato.
1305 4315 1422 4401 ltaque
1440 4333 1601 4401 compro·

282 4416 384 4483 batur
400 4419 564 4502 quantam
585 4419 672 4482 Deus
691 4437 808 4482 curam
830 4415 985 4482 exsulum
1007 4418 1160 4502 gesserit.
1177 4421 1277 4484 Notat
1290 4419 1372 4508 Hip.
1391 4440 1403 4484 .·
1422 4445 1438 4478 «
1455 4423 1493 4485 ut
1506 4420 1599 4484 euim

285 4528 388 4589 [teum
411 4521 524 4610 ipsum
547 4520 825 4607 glorificaverunt
848 4521 932 4588 dum
949 4545 1021 4589 sese
1045 4523 1147 4588 morti
1167 4523 1357 4605 traderent,
1382 4525 1430 4592 sic
1451 4523 1600 4592 'vicissim

259 4686 265 4697 .
283 4628 421 4720 ipsimet
435 4649 503 4693 non
517 4633 647 4694 tantum
664 4652 685 4694 a
700 4634 765 4695 Deo
788 4627 965 4695 sedetiam
987 4650 1007 4694 a
1026 4651 1109 4715 rege
1126 4629 1310 4715 glorificati
1323 4637 1401 4698 suut
1419 4637 1452 4699 et
1466 4631 1601 4698 alienae

284 4735 522 4823 barbaraeque
532 4740 650 4820 gentes
660 4739 766 4802 Deum
777 4735 888 4802 colere
901 4734 1095 4803 didicerunt
1107 4765 1137 4805 ».
1153 4735 1275 4806 Theod.
1288 4737 1384 4805 addit
1394 4761 1452 4805 eos
1461 4739 1601 4805 iuvenes
