3550 5367
1569 287 1725 346 DAN.
1773 289 1834 356 9,
1881 290 1959 346 24
2958 296 3075 353 5239

434 439 715 503 exsistat
742 436 1274 518 sanctissimum,
1302 437 1419 502 Dei
1442 437 1684 526 spiritu
1715 437 2079 526 impletum
2105 446 2171 504 et
2199 448 2665 508 consecratum
2696 444 2884 533 quod
2903 446 2972 511 in
3003 468 3071 531 se

429 544 930 633 perfectissime
972 543 1313 633 exprimat
1339 541 1516 608 illud
1544 542 1736 608 cuius
1763 544 1994 629 figura
2028 550 2094 609 et
2124 546 2373 612 umbra
2414 555 2607 615 vetus
2644 550 2851 616 fuerit
2875 573 3072 617 sanc-

432 653 769 717 tuarium.
800 650 987 717 Unde
1017 672 1268 716 novum
1309 648 1657 738 quoddam
1688 651 2019 739 templum
2059 653 2551 719 sanctissimum
2594 656 2778 744 quod
2815 658 2899 724 sit
2940 659 3073 724 eri-

436 757 748 843 gendum
774 763 840 823 et
861 757 1181 822 unctione
1212 778 1408 822 sacra
1438 755 1982 823 consecrandum
2008 760 2219 824 menti
2244 760 2617 849 prophetae
2640 765 3067 854 proponitur.

433 868 555 931 Est
575 864 741 930 haec
773 863 1018 930 ultima
1045 864 1406 953 promissio
1434 861 1507 928 in
1530 863 1661 929 ista
1685 864 1859 929 serie
1884 886 1899 945 ;
1930 885 2140 951 quare
2161 866 2354 931 sicuti
2377 866 2683 956 reliquae
2706 892 3071 957 progressu

435 969 738 1059 quodam
772 975 840 1037 et
882 971 1310 1035 incremento
1338 968 1427 1035 ad
1455 968 1639 1035 bona
1668 976 2034 1056 assurgunt
2081 972 2374 1052 maiora,
2420 973 2517 1040 ita
2563 974 2634 1039 in
2685 975 2814 1042 hac
2857 979 3070 1043 maxi-

436 1099 633 1143 mum
681 1075 1018 1143 contineri
1064 1075 1321 1142 bonum
1366 1069 1562 1141 facile
1613 1076 2056 1158 concluseri5‚
2099 1082 2165 1143 et
2208 1078 2790 1167 quemadmodum
2834 1083 2903 1148 in
2945 1084 3072 1151 ista

434 1185 611 1250 serie
640 1183 994 1273 promissio
1035 1182 1454 1270 subsequens
1481 1183 1554 1247 in
1598 1204 1666 1248 se
1696 1182 1997 1248 continet
2036 1184 2552 1252 antecedentem
2597 1209 2886 1278 eamque
2921 1212 3067 1256 am-

432 1290 656 1380 pliore
676 1291 857 1357 bono
884 1288 1171 1356 includit
1190 1294 1395 1376 atque
1416 1289 1718 1377 perficit,
1755 1288 1994 1355 eodem
2025 1290 2227 1358 modo
2253 1290 2430 1359 hanc
2465 1292 2782 1361 ultimam
2804 1296 3068 1386 reliqua

434 1398 672 1464 omnia
706 1396 782 1462 in
807 1419 876 1463 se
914 1394 1501 1486 comprehendere
1542 1417 1761 1484 eaque
1804 1394 1891 1461 ad
1924 1397 2419 1485 perfectionem
2454 1397 2831 1485 adducere,
2873 1405 3068 1492 quasi

431 1527 478 1569 α
505 1504 737 1593 priore
776 1503 1018 1569 merito
1051 1504 1559 1592 exspectaveris.
1593 1506 1810 1591 Atque
1851 1501 1946 1568 ita
1983 1508 2104 1569 est.

530 1616 657 1677 Isto
688 1612 872 1676 enim
913 1608 1219 1675 membro
1265 1609 1491 1696 primo
1537 1614 1603 1673 et
1643 1630 1867 1696 per-se
1905 1609 1978 1675 in
2026 1611 2427 1677 memoriam
2478 1619 2885 1680 revocantur
2933 1616 3067 1684 alia

381 1763 388 1776 .
428 1716 926 1807 prophetarum
966 1715 1277 1795 oracula,
1324 1714 1577 1802 quibus
1615 1717 1786 1779 Deus
1824 1715 2159 1803 peculiari
2208 1716 2412 1783 modo
2459 1719 2529 1783 in
2561 1719 2812 1809 populo
2850 1742 3069 1789 novae

427 1823 858 1889 theocratiae
885 1822 1078 1910 quasi
1103 1821 1174 1886 in
1200 1842 1321 1885 suo
1359 1821 1743 1886 sanctuario
1777 1820 2164 1887 inhabitare
2191 1821 2440 1888 dicitur
2472 1829 2536 1889 et
2564 1826 2816 1913 quibus
2849 1830 3066 1894 excel-

430 1930 888 1996 lentissimum
928 1928 1087 1993 novi
1132 1925 1427 1993 foederis
1453 1928 1926 1992 sanctuarium
1967 1926 2062 1993 ita
2100 1927 2534 2011 describitur,
2572 1937 2648 1996 ut
2688 1938 2833 1999 tota
2873 1934 3067 2000 theo-

430 2036 652 2102 cratia
674 2030 852 2101 nova
880 2034 1287 2119 designetur
1318 2055 1398 2098 eo
1426 2032 1629 2098 modo
1660 2032 1890 2121 quoin
1925 2040 2150 2099 vetere
2176 2034 2578 2120 designatur
2609 2037 2835 2127 ipsum
2872 2062 3066 2106 sanc-

431 2149 582 2208 tum
624 2147 1039 2208 sanctorum.
1064 2144 1163 2205 Ita
1197 2162 1260 2205 v,
1293 2141 1465 2224 g.1s‚
1489 2145 1641 2219 ἴι,5;
1679 2143 1748 2204 et
1782 2139 2044 2204 creabit
2083 2144 2254 2205 Deus
2285 2162 2488 2230 super
2527 2163 2803 2209 omnem
2835 2145 3062 2213 locum

433 2249 687 2316 montis
736 2248 897 2315 Sion
940 2252 1007 2313 et
1062 2268 1268 2335 super
1323 2251 1593 2312 coetum
1644 2246 1790 2310 eius
1851 2246 2106 2311 nubem
2163 2268 2290 2336 per
2337 2247 2520 2315 diem
2569 2256 2634 2315 et
2683 2251 2950 2319 fumum
3000 2259 3065 2319 et

430 2353 872 2444 splendorem
914 2353 1098 2439 ignis
1130 2353 1547 2418 flammantis
1590 2353 1662 2417 in
1697 2357 1926 2432 nocte,
1963 2374 2169 2442 super
2218 2373 2493 2419 omnem
2542 2357 2726 2422 enim
2773 2359 3063 2443 gloriam

429 2461 801 2551 protectio;
836 2466 904 2526 et
953 2464 1078 2526 ler.
1125 2465 1331 2537 3‚17:
1385 2459 1457 2523 in
1496 2464 1806 2547 tempore
1852 2457 1971 2525 illo
2020 2459 2368 2526 vocabunt
2416 2463 2776 2529 Ierusalem
2813 2463 3062 2532 solium

431 2567 712 2634 Domini
719 2588 748 2650 ;
768 2572 835 2633 et
870 2571 977 2633 Ez.
1032 2572 1258 2646 37,26.
1287 2572 1414 2632 27:
1460 2565 1639 2631 dabo
1682 2566 2154 2636 sanctuarium
2195 2588 2424 2633 meum
2456 2568 2527 2633 in
2571 2570 2795 2637 medio
2824 2594 3062 2638 eorum

431 2679 504 2742 in
545 2680 955 2765 perpetuum
1000 2678 1066 2738 et
1107 2673 1235 2738 erit
1271 2671 1798 2738 tabernaculum
1849 2694 2079 2738 meum
2130 2674 2202 2738 in
2240 2673 2336 2739 eis
2374 2678 2439 2739 et
2480 2697 2597 2741 ero
2642 2677 2736 2742 eis
2779 2682 2951 2745 Deus
2998 2686 3065 2745 et
3103 2699 3106 2705 ’

430 2783 563 2872 ipsi
592 2787 792 2848 erunt
825 2780 996 2846 mihi
1024 2779 1355 2867 populus3
1392 2783 1594 2866 atque
1637 2778 1764 2844 hoc
1805 2780 2273 2847 sanctuarium
2311 2780 2644 2847 Ezechieli
2681 2805 2952 2874 quoque
2991 2787 3061 2852 in

430 2889 688 2955 visione
739 2887 1122 2955 ostenditur
1155 2892 1221 2951 et
1259 2886 1392 2951 hoc
1439 2887 1539 2950 ita
1578 2886 1758 2950 inter
1804 2885 1941 2951 alia
1969 2884 2329 2968 describit,
2376 2892 2450 2953 ut
2480 2889 2700 2954 omnis
2730 2892 3065 2957 terminus

433 2996 678 3062 domus
707 2996 778 3061 in
806 2993 1200 3061 summitate
1231 2992 1480 3064 montis
1510 2992 2050 3079 circumquaque
2077 2993 2163 3057 sit
2193 2999 2499 3058 sanctum
2527 3000 2913 3061 sanctorum
2950 3003 3056 3077 43,

438 3110 542 3169 12.
587 3102 752 3170 Vide
803 3124 980 3191 quae
1019 3100 1103 3165 de
1140 3099 1307 3165 istisl
1345 3098 1482 3163 ocis
1519 3098 1589 3163 in
1646 3098 2159 3163 commentariis
2197 3100 2448 3166 notavi.
2497 3103 2590 3165 Ex
2631 3101 2815 3167 hisce
2852 3103 3064 3189 igitur

432 3210 727 3278 oraculis
774 3213 959 3299 patet
999 3208 1204 3273 etiam
1248 3203 1508 3271 Danieli
1552 3204 1688 3269 hoc
1737 3204 1885 3271 loco
1940 3205 2360 3271 manifestari
2409 3205 2552 3272 fore
2602 3214 2677 3272 ut
2727 3211 3060 3299 templum

430 3316 955 3396 sanctissimum,
990 3312 1463 3380 habitaculum
1514 3310 1666 3391 Dei,
1704 3321 2021 3399 unqacur.
2072 3311 2202 3376 Sed
2246 3333 2285 3376 a
2325 3306 2498 3400 q'uo‘?
2538 3312 3060 3382 tabernaculum

430 3447 546 3491 seu
583 3422 1056 3490 habitaculum
1089 3420 1206 3485 Dei
1228 3419 1419 3507 prius
1445 3416 1739 3483 foederis
1770 3417 2013 3482 veteris
2045 3422 2320 3483 unctum
2354 3423 2449 3484 est
2477 3418 2754 3487 iubente
2777 3423 3061 3489 Domino

429 3537 497 3597 et
524 3535 994 3598 consecratum
1036 3548 1075 3592 a
1121 3530 1338 3611 Moyse
1379 3546 1571 3590 servo
1613 3525 1729 3589 Dei
1786 3526 1920 3609 (Ex.
1964 3529 2166 3607 30‚25
2205 3546 2346 3612 seq.
2404 3531 2587 3605 ῐιο,9.
2631 3532 2785 3595 Lev.
2833 3527 3053 3616 8‚10);

429 3639 549 3705 sed
580 3639 635 3704 si
666 3636 751 3702 de
780 3635 1095 3702 unctione
1129 3654 1350 3697 sermo
1394 3631 1471 3695 fit
1508 3653 1682 3719 quae
1719 3636 2029 3720 tempore
2071 3631 2404 3697 messiano
2447 3632 2675 3699 futura
2702 3639 2832 3713 est,
2866 3656 2946 3700 ea
2983 3636 3059 3701 fit

430 3746 518 3811 ab
544 3745 688 3835 ipso
728 3741 1011 3809 Domino
1036 3744 1102 3806 et
1133 3738 1480 3805 confertur
1509 3739 1581 3802 in
1613 3759 1773 3803 eum
1803 3736 1924 3826 qui
1949 3741 2047 3802 est
2071 3736 2234 3828 novi
2261 3736 2553 3826 foederis
2584 3739 2923 3806 mediator
2955 3745 3055 3807 Ps.

431 3857 613 3932 3⁷43.
668 3854 750 3917 Is,
794 3854 981 3928 61,1.
1036 3851 1252 3924 Quare
1301 3845 1634 3933 templum
1681 3843 1858 3910 illud
1903 3844 2401 3910 sanctissimum
2450 3845 2537 3910 ab
2585 3846 2732 3936 ipso
2777 3848 3059 3914 Domino

428 3964 712 4025 unctum
733 3956 819 4021 iri
837 4009 852 4036 ‚
885 3954 962 4020 id
996 3958 1094 4020 est
1125 3952 1384 4041 Spiritu
1408 3950 1673 4017 Domini
1697 3950 1784 4016 iri
1811 3956 2282 4017 consecratum
2311 3957 2375 4016 et
2401 3949 2761 4041 impletum
2783 3954 3059 4020 omnino

427 4065 756 4153 sequitur.
803 4065 873 4127 ln
926 4082 1060 4149 quo
1100 4063 1327 4126 autem
1360 4079 1767 4147 quaeremus
1797 4057 2025 4146 ipsum
2065 4056 2239 4123 illud
2267 4059 2383 4123 Dei
2430 4058 2904 4125 habitaculum
2933 4084 3059 4129 no-

426 4193 589 4237 vum
624 4175 690 4236 et
729 4168 1273 4236 sanctissimum?
1303 4166 1369 4231 Si
1396 4163 1792 4254 respicimus
1822 4167 1926 4230 Ps.
1962 4168 2119 4243 Ιιὶι,8
2151 4167 2216 4229 et
2245 4168 2325 4231 Is,
2363 4170 2548 4247 61,1‚
2587 4164 2745 4230 dein
2776 4188 2855 4231 ea
2884 4189 3057 4256 quae

431 4278 516 4344 de
542 4300 719 4344 novo
754 4275 871 4342 Dei
913 4273 1299 4340 sanctuario
1344 4270 1720 4361 prophetae
1749 4272 2013 4359 priores
2063 4269 2409 4335 vaticinati
2441 4275 2629 4353 sunt,
2667 4277 2731 4337 et
2763 4272 2817 4337 si
2849 4273 3059 4362 ipsius

430 4383 853 4473 impletionis
885 4382 956 4447 in
1002 4402 1181 4446 novo
1210 4377 1479 4444 foedere
1524 4377 1861 4443 rationem
1911 4376 2277 4459 habemuS,
2318 4375 2498 4441 istud
2526 4383 2834 4444 sanctum
2860 4401 3055 4447 sanc-

429 4498 658 4560 torum
687 4514 727 4557 a
760 4495 892 4556 Deo
917 4492 1196 4554 unctum
1225 4489 1323 4551 est
1353 4486 1501 4575 ipsa
1532 4483 1777 4550 Christi
1804 4482 2095 4552 Ecclesia
2113 4534 2128 4563 ,
2153 4505 2402 4572 corpus
2427 4484 2673 4550 Christi
2693 4486 3053 4573 mysticum

431 4619 584 4662 cum
622 4596 842 4685 capite
872 4595 1020 4684 ipso
1050 4593 1169 4683 qui
1199 4597 1297 4657 est
1327 4591 1662 4674 Christu8‚
1699 4593 1797 4655 est
1825 4590 1967 4679 ipse
1995 4589 2294 4656 Christus
2321 4596 2655 4679 quatenus
2688 4594 3051 4660 Ecclesiam

430 4710 785 4791 tamquam
818 4723 1063 4791 corpus
1090 4721 1287 4765 suum
1316 4698 1676 4783 mysticum
1707 4693 2040 4763 effo‘rmat.
2074 4699 2245 4762 Haec
2270 4698 2452 4763 enim
2482 4698 2776 4766 Ecclesia
2810 4705 2907 4765 est
2935 4700 3048 4766 Dei
