3550 5367
517 367 625 427 151]
1624 367 1779 424 DAN.
1831 367 1889 437 ὅ,
1937 365 2011 423 31

509 523 573 583 et
613 523 810 595 ³:4³1.ssss
838 523 902 583 al
934 515 1018 583 ati
1050 523 1174 583 lein
1222 521 1418 594 51,31
1460 535 1601 604 seq.
1646 519 1711 581 et
1740 514 1827 581 cf.
1865 517 2223 603 Brunenqo
2255 536 2322 602 p.
2375 516 2702 593 lim-{2363
2745 509 3136 599 Viqowmcoe

509 623 549 687 l.
585 647 641 691 c.
678 647 742 711 [J.
786 631 910 691 :cii
942 619 1082 711 seq.

597 735 682 795 De
722 731 918 795 Darin
950 727 1130 795 Meda
1158 726 1464 815 quaestio
1487 727 1825 794 acerrima
1853 727 2178 813 agitatur.
2209 723 2445 792 Daniel
2485 731 2624 789 tam
2665 721 2979 788 distincte
3027 721 3132 787 lo-

505 839 766 923 quitur,
802 839 1010 899 inuno
1058 843 1345 900 aetatem
1384 834 1529 900 eius
1577 834 1911 920 assignat,
1958 829 2034 899 ut
2072 832 2129 898 si
2166 833 2513 918 legeretur
2557 828 2743 919 apud
2787 835 3131 895 auctorem

505 943 902 1031 profanum,
942 963 1138 1007 namn
1181 961 1321 1007 rem
1370 944 1717 1006 narratam
1756 940 1830 1004 in
1874 938 2167 1006 dubium
2209 942 2505 1003 vocaret.
2555 941 2636 1002 At
2677 938 2733 1002 si
2768 936 2999 1021 agitur
3041 934 3127 1000 de

505 1071 690 1115 sacru
730 1055 1034 1127 auctare,
1074 1047 1158 1115 de
1182 1071 1255 1111 re
1292 1045 1513 1113 solum
1544 1047 1615 1112 in
1638 1068 1691 1112 s,
1728 1045 1970 1112 litteris
1993 1048 2561 1124 commemorata,
2591 1064 2697 1108 res
2736 1041 2921 1132 apud
2954 1042 3131 1107 mul-

501 1161 601 1219 tns
641 1155 838 1243 plane
878 1155 1010 1219 alia
1058 1175 1194 1219 ease
1246 1154 1547 1236 videtur;
1590 1158 1912 1219 eventum
1959 1151 2225 1218 narrari
2275 1150 2575 1217 clamant
2617 1148 2803 1239 apud
2864 1149 3130 1214 nullum

501 1259 902 1347 scripturum
930 1264 1571 1341 unnniiemoratum,
1609 1258 1898 1349 proinde
1924 1258 2196 1341 fictum,
2240 1257 2436 1347 quasi
2474 1280 2526 1323 s.
2568 1261 2812 1323 auctor
2850 1262 2994 1322 tum
3027 1278 3129 1321 so-

501 1367 646 1431 luni
694 1371 1066 1431 inereretur
1102 1367 1307 1431 fldem
1355 1387 1514 1431 cum
1544 1366 1687 1432 eius
1727 1366 2029 1432 narratio
2059 1387 2101 1431 a
2137 1363 2427 1454 profano
2464 1361 2761 1453 quodam
2799 1362 3127 1451 scriptore

501 1471 1086 1559 comprobaretur.
1122 1470 1292 1551 Quid
1329 1471 1607 1538 tandem
1638 1471 1860 1537 obstat
1896 1472 2264 1560 quominus
2287 1475 2670 1536 assumatur
2709 1472 2958 1557 Cyrum
2989 1491 3129 1534 non

501 1579 726 1643 atatim
762 1603 886 1667 per
914 1603 982 1643 se
1010 1579 1210 1663 regni
1246 1578 1353 1644 vel
1380 1578 1769 1667 provinciae
1797 1577 2212 1665 Babyloniae
2256 1575 2731 1662 gubernacula
2759 1581 3079 1642 tractasse
3098 1625 3113 1655 ,

501 1683 617 1751 sed
645 1707 722 1751 aa
750 1687 1110 1751 {luctantia
1138 1686 1550 1751 commisisse
1587 1684 1772 1751 Medo
1806 1684 2081 1751 cuidam
2120 1682 2367 1764 nobili,
2404 1684 2606 1748 Dario
2646 1682 2960 1749 nomine?
2988 1686 3130 1759 Quo

501 1791 758 1859 hunni-e
798 1791 1038 1859 nullutn
1086 1791 1292 1858 alicui
1338 1791 1525 1857 Medo
1569 1797 1635 1857 et
1683 1790 1903 1857 Medos
1934 1790 2300 1857 honoravit
2336 1811 2508 1879 quos
2552 1790 2821 1855 nonita
2859 1788 3124 1879 pridem

497 1919 617 1963 suu
650 1899 1030 1963 suhieuemit
1070 1899 1360 1987 imperio
1390 1901 1457 1964 et
1492 1898 1667 1964 forte
1691 1898 2084 1985 Babyloniis
2108 1919 2255 1964 rem
2284 1900 2555 1983 gratam
2586 1896 2923 1986 praestitit
2950 1903 3014 1961 et
3054 1918 3122 1961 se

497 2005 722 2091 ipsum
754 2007 870 2095 qui,
918 2007 1066 2071 aliis
1106 2005 1395 2091 negotiis
1442 2006 1600 2071 satis
1629 2009 1798 2072 esset
1827 2009 2196 2095 occupatus
2232 2027 2275 2071 a
2305 2004 2534 2070 multis
2562 2002 2744 2068 curis
2779 2003 3120 2069 liberavit.

497 2111 738 2199 Utique
774 2111 842 2175 iu
870 2111 1431 2199 inscriptionibus
1463 2114 1694 2178 Darius
1724 2111 1953 2177 Medus
1992 2133 2109 2177 rex
2137 2098 2506 2197 Babylonis
2539 2109 2847 2177 nondum
2888 2116 2987 2176 est
3024 2131 3126 2175 re-

501 2223 750 2307 pertus.
798 2219 970 2283 Fieri
1010 2219 1218 2283 etiam
1256 2223 1513 2309 potest,
1551 2222 1627 2284 ut
1657 2240 1818 2285 casu
1862 2217 2163 2307 quodam
2201 2218 2310 2284 vel
2351 2239 2584 2283 errore
2622 2238 2876 2283 nomen
2914 2218 3117 2296 Darii,

497 2331 726 2415 utputa
762 2327 982 2411 inagis
1006 2331 1266 2407 nutum,
1301 2348 1428 2415 pro
1448 2326 1723 2393 nomine
1755 2326 1890 2392 alio
1909 2326 1994 2391 sit
2015 2324 2480 2391 substitutum.
2505 2324 2611 2390 Uti
2638 2346 2716 2390 ex
2744 2324 3127 2412 inscriptio-

497 2431 698 2495 nibus
726 2439 910 2519 patet
934 2455 1102 2519 quas
1138 2432 1575 2499 sss-ammaim·
1602 2432 1985 2521 descripsit,
2031 2433 2101 2498 in
2131 2432 2356 2521 primo
2385 2453 2565 2498 anno
2591 2431 2745 2518 Cyri
2785 2431 2967 2517 regis
3001 2435 3125 2497 Ba-

501 2535 605 2599 hal
641 2539 846 2603 eliani
890 2539 1093 2603 simul,
1126 2559 1277 2603 cum
1311 2560 1389 2604 eo
1414 2538 1785 2605 Kambuzia
1818 2539 1951 2627 (vir
1979 2562 2058 2605 ex
2083 2536 2441 2627 Kambuja)
2466 2544 2825 2626 tamquam
2859 2559 2968 2603 sar
2998 2542 3122 2603 Ba-

493 2643 633 2707 bilu
658 2699 674 2723 ,
714 2667 822 2707 rot-c
866 2643 1098 2723 Bubul,
1142 2643 1561 2730 designatur.
1598 2649 1772 2710 Num
1814 2667 1893 2710 eo
1933 2645 2213 2710 nomine
2253 2644 2647 2732 CambyseS,
2689 2649 2884 2733 pater
2929 2645 3118 2730 Cyri,

493 2751 597 2814 *fel
658 2751 1054 2835 l'lainhffses.
1102 2751 1246 2815 eius
1295 2750 1475 2816 filius
1516 2751 1946 2817 declaratur?
1999 2750 2345 2841 Quidquid
2389 2757 2510 2831 est,
2556 2773 2636 2816 ea
2684 2750 3123 2840 inscriptione

489 2855 726 2919 saltem
754 2855 1134 2923 ostenditur
1166 2859 1250 2923 ab
1271 2856 1500 2923 indole
1528 2858 1685 2945 Cyri
1706 2880 1842 2924 non
1872 2859 2077 2925 fuisse
2111 2859 2414 2926 alienum
2446 2858 2743 2942 alterum
2775 2856 3123 2946 quendam

497 2963 557 3027 iu
613 2967 806 3047 regni
838 2963 1254 3027 annam-[iuni
1287 2985 1653 3031 assumere.
1690 2968 2000 3034 Ceterum
2040 2966 2112 3031 in
2155 2971 2342 3031 textu
2380 2964 2676 3031 habetur
2725 2986 2739 3033 τ
2786 2970 2851 3030 et
2889 2965 3124 3031 Darius

489 3071 752 3155 iss-refu}
786 3091 1070 3154 rra-nutu
1098 3127 1110 3151 ,
1146 3092 1321 3159 quae
1349 3069 1558 3138 dictio
1588 3071 1674 3137 ad
1708 3055 1864 3138 eum
1893 3072 2070 3138 bene
2116 3071 2673 3139 accommodatur
2702 3072 2821 3161 qui
2865 3094 2907 3137 a
2950 3074 3121 3158 Cyro

489 3175 886 3255 instituitur,
926 3183 998 3243 ut
1032 3199 1154 3263 pru
1206 3179 1349 3267 ipso
1380 3182 1444 3243 et
1484 3178 1695 3267 ipsius
1738 3178 2015 3245 nomine
2048 3178 2245 3245 titulo
2288 3178 2480 3264 regio
2516 3200 2624 3244 res
2663 3178 3113 3244 administret.

489 3287 650 3347 Cum
686 3283 750 3347 in
786 3287 966 3347 textu
1006 3305 1138 3347 nnn
1166 3283 1440 3368 legatur
1465 3286 1819 3366 successit,
1852 3307 2011 3352 cum
2049 3286 2328 3375 insuper
2371 3284 2556 3375 apud
2596 3288 2755 3350 Lxx
2789 3290 2856 3351 et
2894 3285 2967 3350 in
3010 3284 3108 3349 bi-

489 3387 646 3451 hliis
694 3387 886 3455 hebr.
934 3391 1054 3455 iste
1094 3411 1322 3456 versus
1362 3392 1827 3477 coniungatur
1867 3391 2377 3480 cumsequenti
2408 3389 2801 3457 narratione
2853 3414 3004 3480 cap.
3037 3397 3109 3473 6,

489 3495 762 3559 fuerunt,
801 3495 918 3583 qui
950 3499 1279 3579 negarent
1321 3519 1363 3564 a
1401 3497 1675 3564 Daniele
1706 3499 1912 3564 asseri
1951 3498 2179 3564 statim
2219 3503 2368 3587 post
2407 3497 2748 3564 Baltassar
2793 3518 3112 3583 regnasse
3148 3578 3157 3591 ·

489 3603 762 3667 Uarium
814 3599 1106 3679 Medum,
1158 3624 1395 3669 rerum
1444 3625 1603 3669 eum
1650 3603 1971 3670 collocari
2007 3626 2201 3692 posse
2253 3610 2318 3670 et
2359 3604 2609 3670 debere
2656 3626 2937 3691 prorsus
2983 3604 3115 3670 alio

485 3711 790 3795 tempure
822 3715 886 3775 nt
926 3711 1238 3771 Ἧῑιᾞὶιῖῑιηετ
1270 3708 1456 3798 vulq.
1484 3710 1703 3776 creari
1730 3732 2054 3776 errorem.
2082 3715 2165 3776 At
2191 3710 2265 3776 id
2293 3716 2551 3777 temere
2581 3711 2924 3777 asseritur.
2949 3714 3115 3775 Nam

485 3835 718 3879 rursus
751 3823 830 3879 31
874 3815 1158 3879 omniun
1198 3816 1573 3904 requiritur
1597 3838 1675 3882 eo
1704 3816 1853 3883 loco
1881 3822 1947 3883 et
1987 3838 2064 3883 eo
2099 3839 2371 3906 quoquc
2410 3801 2612 3883 sensu
2650 3838 2787 3906 quo
2816 3817 2891 3882 in
2927 3816 3110 3903 vulq.

485 3927 557 3983 ut
605 3919 958 3987 aracillum
1002 3931 1242 3987 eventu
1277 3922 1674 3989 ostendatur
1719 3923 2110 4012 impletum3
2154 3925 2255 3990 uti
2305 3923 2489 3989 enim
2534 3923 2738 3989 caede
2781 3923 3115 3989 Baltassar

489 4027 666 4111 rugis
691 4035 966 4095 narrata
994 4027 1318 4115 impletur
1348 4029 1513 4096 illud
1550 4042 1985 4096 numeratum
2015 4035 2082 4096 et
2109 4052 2490 4119 appensum
2519 4029 2590 4095 in
2633 4052 2696 4095 v.
2741 4035 2850 4094 26.
2875 4035 2984 4108 27,
3020 4030 3113 4094 ita

485 4155 698 4215 rat-gun
718 4159 758 4199 a.
790 4135 982 4199 llario
1010 4141 1316 4223 suscepto
1345 4134 1642 4202 habetur
1669 4136 1979 4226 impletio
2008 4138 2248 4203 tertiae
2280 4138 2462 4203 vocis
2488 4135 2782 4202 divisum
2815 4135 2917 4201 vel
2941 4134 3113 4201 divi-

481 4239 730 4307 dentes.
794 4247 1142 4307 Praeterea
1202 4243 1268 4307 in
1325 4241 1472 4332 ipso
1524 4248 1709 4309 textu
1759 4242 2101 4333 particula
2142 4242 2641 4310 coniunctionis
2697 4257 2719 4307 Ἶ
2780 4242 3112 4309 sententia

481 4359 545 4407 rs
575 4347 806 4411 [iarius
846 4351 1106 4435 accepit
1138 4353 1318 4415 arcte
1349 4348 1735 4416 adnectitur
1772 4350 1862 4416 ad
1894 4349 2397 4430 antecedentia,
2442 4348 2607 4415 dum
2653 4355 2759 4430 6,1
2807 4347 3112 4415 absolute

485 4451 850 4515 inclinatur
878 4455 1014 4555 ''gu-⁵
1046 4455 1321 4543 placuit.
1355 4457 1424 4521 Si
1454 4457 1573 4544 qui
1609 4462 1835 4523 autem
1865 4456 2232 4545 opinantur
2259 4455 2449 4522 nullo
2471 4456 2674 4522 modo
2697 4455 2905 4550 asseri
2931 4478 2973 4521 a
2993 4459 3115 4520 Da-

481 4575 658 4639 niele
686 4579 958 4643 [larium
990 4603 1222 4659 rugen]
1259 4580 1464 4647 fuisse
1496 4580 1860 4668 Babylonis
1898 4587 1963 4647 et
1991 4580 2279 4669 proinde
2317 4586 2677 4663 5,31-6‚27
2711 4582 2950 4647 referri
2989 4580 3110 4645 de-

481 4683 641 4747 bera
686 4707 822 4751 nun
858 4683 946 4747 ful
990 4687 1400 4771 ltaliylunem
1431 4685 1549 4752 sed
1592 4686 1679 4752 ad
1709 4687 2051 4753 Ecbatana
2092 4692 2159 4753 et
2197 4686 2287 4752 ad
2326 4709 2560 4773 regem
2600 4687 2977 4767 Medorum,
3011 4685 3109 4751 illi

481 4815 617 4859 nun
646 4791 886 4875 legisse
918 4791 1238 4855 ridentur
1271 4798 1381 4875 9,1
1418 4814 1434 4860 ε
1468 4792 1540 4858 in
1572 4814 1750 4858 anno
1779 4793 2003 4882 primo
2043 4794 2305 4860 Darii...
2346 4792 2429 4860 de
2472 4795 2728 4859 semine
2765 4793 3108 4859 Medorum
