3550 5367
2810 6 2891 27 .··.·¹
2925 9 2952 19 v
3428 11 3435 14 -

3134 88 3138 90 Δ
3347 77 3360 86 .

3156 95 3173 112 ,ν’
3335 100 3342 104 ·

3536 202 3539 220 4

536 330 684 400 204,
1548 343 1555 367 ¹
1616 333 1774 390 DAN.
1825 333 1882 401 7,
1929 332 2114 389 23-27

537 479 855 539 sententia
892 496 1019 539 non
1050 479 1325 539 absurda
1356 479 1609 541 videtur
1645 479 1751 557 (de
1801 480 1928 540 Civ.
1962 482 2035 540 D.
2079 478 2288 556 20‚19)
2332 480 2441 556 qui
2478 484 2695 539 tamen
2724 494 2871 538 mex
2909 494 3048 556 cap.
3099 479 3179 537 523

536 577 691 637 haec
729 575 909 635 addit
939 594 952 635 :
992 598 1022 631 «
1044 578 1251 636 vereri
1273 594 1376 636 me
1402 593 1550 637 sane
1579 577 1779 637 fateor
1807 595 1886 636 ne
1918 578 1987 636 in
2018 577 2240 637 decem
2271 576 2530 654 regibus
2560 575 2722 635 sorte
2755 574 3051 635 fallamur
3079 580 3178 634 at-

536 691 659 751 que
693 673 799 733 ille
830 673 1191 753 inopinatus
1220 673 1517 734 adveniat
1542 691 1669 734 non
1700 674 2153 734 exsistentibus
2181 677 2276 733 tot
2314 673 2571 751 regibus
2597 673 2661 731 in
2689 673 2840 733 orbe
2868 688 3174 738 romano:

538 770 691 847 quid
736 770 909 830 enim
950 772 1002 829 si
1035 786 1302 831 numero
1332 772 1455 831 isto
1498 771 1883 832 universitas
1923 788 2149 849 regum
2183 770 2535 848 significata
2566 774 2662 829 est
2700 772 2845 847 post
2875 786 3033 847 quos
3062 768 3175 827 ille

533 871 835 928 venturus
867 869 1005 928 est?
1026 867 1193 927 sicut
1221 869 1584 928 millenario
1605 915 1619 940 ,
1655 868 2053 939 centenario,
2084 868 2448 946 septenario
2481 866 2873 946 significatur
2896 865 3181 943 plerum-

538 982 660 1043 que
692 966 1072 1025 universitas
1100 970 1163 1025 et
1205 966 1349 1025 aliis
1388 971 1577 1043 atque
1610 966 1751 1026 aliis
1781 965 2068 1026 numeris
2102 990 2156 1023 ».
2187 966 2456 1043 Insuper
2483 983 2561 1024 ne
2604 981 2752 1025 cum
2792 964 2967 1025 Rom.
2997 963 3178 1022 illam

538 1063 919 1123 sententiam
953 1063 1031 1122 de
1063 1063 1337 1142 imperio
1366 1081 1618 1124 romano
1650 1082 1725 1124 ex
1757 1066 2017 1124 Patrum
2044 1080 2356 1123 consensu
2389 1062 2559 1123 dicas
2587 1062 2906 1143 pertinere
2933 1060 3014 1121 ad
3048 1064 3179 1120 tra-

537 1160 853 1220 ditionem
880 1160 1056 1220 illam
1089 1177 1212 1238 qua
1232 1161 1392 1220 fides
1422 1161 1741 1223 catholica
1765 1162 2219 1240 constituatur,
2255 1160 2586 1221 advertere
2618 1164 2872 1239 oportet
2900 1175 3010 1219 eos
3041 1157 3180 1235 qui·

538 1258 684 1318 dem
716 1258 1001 1336 loqui-de
1034 1259 1305 1337 imperio
1347 1274 1644 1332 roman0,
1693 1260 1804 1320 sed
1850 1260 2106 1336 saepius
2154 1276 2230 1319 eo
2257 1276 2460 1341 ⁴sensu
2493 1262 2802 1337 quatenus
2832 1257 2974 1317 eius
2999 1256 3177 1332 regni

539 1359 736 1428 statu,
773 1356 1058 1432 legibuS,
1092 1356 1648 1418 administratione
1700 1357 2079 1435 improbitas
2123 1361 2316 1434 atque
2351 1356 2653 1433 iniquitas
2692 1359 3060 1415 coerceatur
3080 1358 3178 1413 at-

540 1470 662 1530 que
689 1452 1105 1530 impediatur,
1134 1455 1478 1532 quominus
1514 1456 1841 1533 perruptis
1873 1455 2051 1533 quasi
2084 1454 2380 1516 cancellis
2414 1453 2833 1514 inundatione
2865 1452 3180 1511 immensa

542 1552 765 1612 orbem
811 1555 1091 1628 mergat;
1142 1553 1424 1611 maxima
1474 1553 1884 1631 improbitate
1932 1554 2139 1631 parari
2191 1553 2330 1613 scil.
2379 1551 2626 1613 aditum
2686 1555 2751 1611 et
2804 1551 2975 1610 viam
3017 1547 3184 1608 anti-

540 1648 794 1720 christi;
821 1649 987 1708 unde
1012 1649 1316 1726 quamdiu
1343 1650 1508 1710 adsit
1534 1651 1858 1711 eiusmodi
1887 1651 2425 1729 impedimentum
2444 1650 2625 1710 illum
2652 1666 2780 1709 non
2801 1665 2938 1708 esse
2963 1651 3183 1706 ventu·

540 1762 706 1806 rum.
741 1746 946 1817 Quare
980 1747 1211 1807 merito
1239 1747 1367 1807 dici
1399 1752 1612 1824 potest
1640 1748 1707 1809 in
1737 1766 1934 1827 regno
1964 1749 2073 1809 illo
2109 1766 2241 1809 non
2271 1747 2444 1808 cerni
2483 1745 2845 1807 necessario
2877 1744 3047 1823 quod
3080 1761 3185 1804 ro-

544 1861 806 1904 manum
853 1844 964 1914 sit,
1010 1844 1123 1904 sed
1166 1845 1383 1923 potius
1433 1847 1603 1923 quod
1652 1845 1820 1906 adsit
1869 1847 1934 1905 in
1978 1848 2130 1908 orbe
2173 1849 2454 1925 potestas
2500 1862 2623 1923 qua
2670 1845 2827 1905 ordo
2871 1843 3078 1903 civilis
3119 1849 3184 1901 et

543 1941 845 2001 sanctitas
874 1941 1087 2019 legum
1118 1947 1485 2021 protegatur
1527 1948 1714 2021 atque
1754 1944 2133 2006 vindicetur.
2168 1945 2406 2004 Verum
2439 1943 2517 2003 de
2559 1960 2633 2003 ea
2670 1959 2739 2003 re
2780 1941 2963 2021 plura
3001 1944 3185 1999 erunt

543 2038 926 2117 disputanda
956 2038 1034 2099 ad
1067 2042 1104 2099 2
1139 2040 1359 2101 Thess,
1413 2044 1538 2113 26.
1592 2044 1745 2101 Nam
1777 2059 1894 2120 pro
1935 2042 2182 2102 visione
2224 2040 2506 2102 Danielis
2547 2040 2955 2119 perspicuum
2986 2042 3083 2097 est
3119 2037 3184 2096 in

543 2142 765 2213 quarta
794 2137 1004 2197 bestia
1028 2137 1287 2217 depingi
1327 2156 1591 2217 regnum
1619 2156 1955 2200 romanum
1983 2139 2108 2200 alia
2137 2139 2326 2217 plane
2357 2138 2638 2209 ratione,
2665 2142 2978 2215 quatenus
3005 2135 3184 2194 vide-

544 2235 692 2294 licet
739 2236 895 2295 duro
946 2236 1218 2313 imperio
1266 2242 1490 2314 gentes
1538 2237 1800 2297 subiicit
1841 2243 1904 2298 et
1935 2238 2273 2316 opprimit;
2315 2237 2383 2296 in
2411 2253 2486 2297 eo
2535 2235 2900 2314 depingitur
2937 2232 3183 2293 indoles

543 2332 720 2410 regni
755 2333 926 2409 quod
947 2332 1240 2393 homines
1269 2339 1532 2411 peccato
1554 2319 1838 2413 corrupti
1862 2335 2226 2406 instituunt,
2262 2340 2333 2395 ut
2363 2333 2512 2395 huic
2533 2337 2892 2412 opponatur
2913 2347 3183 2409 regnum

546 2430 682 2489 Dei.
717 2431 921 2506 Atque
949 2430 1102 2490 haec
1129 2449 1381 2509 quoque
1413 2431 1669 2492 videtur
1701 2450 1840 2491 esse
1866 2432 2062 2502 ratic,
2108 2450 2219 2493 cur
2260 2437 2434 2492 vates
2466 2431 2799 2509 periodum
2838 2445 3184 2507 regnorum

546 2527 1041 2588 christianorum
1073 2529 1378 2588 omittens
1401 2530 1620 2589 statim
1652 2530 1940 2590 adnectit
1970 2531 2245 2609 imperio
2275 2547 2540 2589 romano
2567 2546 2758 2607 regna
2791 2527 2899 2587 illa
2927 2527 3005 2586 ad
3030 2531 3188 2585 tem·

547 2641 702 2702 pora
727 2624 1082 2703 antichristi
1109 2627 1365 2702 praevia
1386 2644 1545 2704 quae
1562 2627 1622 2686 vi
1654 2627 1953 2705 symboli,
1990 2645 2135 2688 cum
2166 2628 2294 2688 sint
2321 2644 2555 2688 cornua
2585 2626 2649 2686 in
2679 2625 2886 2703 capite
2913 2623 3182 2690 bestiae,

547 2722 751 2799 impia
780 2721 913 2781 sore
955 2723 1213 2800 Deoque
1256 2724 1518 2784 inimica
1565 2724 1878 2802 proditur.
1913 2725 2092 2786 Unde
2126 2724 2191 2784 in
2233 2725 2479 2785 visione
2522 2740 2645 2783 non
2690 2723 2948 2784 effertur
2988 2738 3185 2781 nexus

548 2823 738 2897 atque
766 2819 921 2879 ordo
947 2821 1258 2898 temporis
1289 2839 1418 2898 quo
1448 2822 1602 2882 haec
1642 2824 1810 2883 inter
1839 2840 1907 2883 se
1941 2823 2426 2901 subsequantur,
2463 2821 2573 2881 sed
2603 2826 2841 2881 interna
2874 2819 3184 2897 quaedam

549 2917 782 2977 indolis
812 2922 1103 2978 connexio
1128 2924 1317 2996 atque
1343 2920 1822 2998 propinquitaS‚
1851 2925 1923 2982 ut
1952 2920 2100 2982 Heb.
2136 2922 2299 2981 bene
2334 2919 2631 2980 advertit.

630 3017 951 3076 Numerus
997 3015 1221 3076 decem
1259 3035 1485 3095 regum
1529 3019 1626 3078 vel
1665 3036 2010 3096 regnorum
2044 3039 2101 3079 v.
2138 3021 2216 3078 24
2255 3018 2508 3079 videtur
2554 3036 2693 3076 esse
2727 3016 3055 3088 definituS,
3100 3014 3190 3073 ita

550 3116 620 3173 ut
648 3112 870 3173 decem
909 3131 1125 3174 revera
1156 3114 1620 3193 praedicantur,
1656 3134 1782 3176 non
1813 3134 2115 3178 numerus
2156 3116 2694 3178 indeterminatus
2732 3114 2832 3174 vel
2878 3111 3188 3191 symboli-

551 3227 686 3271 cus,
720 3212 877 3271 Nam
910 3229 986 3271 ex
1008 3211 1233 3273 decem
1266 3218 1393 3273 tres
1420 3231 1603 3292 reges
1633 3214 1874 3275 dicitur
1895 3214 2308 3276 antichristus
2335 3229 2660 3290 superare.
2692 3212 2826 3272 Iam
2852 3211 2996 3271 talis
3032 3209 3191 3269 divi·

550 3308 646 3367 sio
678 3325 751 3368 ac
780 3308 1148 3371 distributio
1178 3312 1242 3378 in
1284 3316 1460 3371 certo
1492 3328 1758 3372 numero
1790 3311 1976 3373 facile
2005 3311 2405 3389 intelligitur,
2441 3309 2553 3370 sed
2593 3309 2749 3388 quid
2782 3309 2905 3369 sibi
2935 3307 3098 3379 vult,
3134 3308 3188 3365 si
3534 3304 3535 3394 ᾖ

550 3411 816 3483 uterque
848 3424 1149 3468 numerus
1195 3408 1457 3486 ponitur
1484 3427 1600 3486 pro
1632 3409 2128 3470 indeterminato
2172 3414 2234 3469 et
2276 3409 2674 3487 symbolico?
2717 3406 2978 3468 Accedit
3019 3404 3186 3483 quod

551 3502 782 3579 reliqui
818 3505 1062 3563 numeri
1107 3505 1170 3563 in
1201 3505 1320 3565 hoc
1350 3507 1554 3584 capite
1588 3507 1743 3567 certi
1777 3510 1927 3568 sunt
1953 3524 2024 3567 ac
2054 3507 2334 3578 definiti;
2370 3506 2456 3566 ita
2499 3510 2799 3583 quattuor
2825 3503 3060 3564 bestiae
3091 3518 3193 3561 re-

552 3617 701 3660 vera
732 3605 1030 3677 quattuor
1059 3619 1254 3679 regna
1289 3603 1707 3675 adumbrant;
1740 3607 1868 3663 tres
1914 3608 2130 3664 costae
2175 3604 2244 3663 in
2276 3621 2384 3664 ore
2431 3603 2562 3663 ursi
2595 3602 2674 3662 de
2726 3602 2930 3662 tribus
2976 3598 3191 3676 regnis

554 3698 929 3776 expugnatis
961 3698 1258 3777 explicari
1289 3705 1557 3778 possunt
1586 3701 1926 3761 commode
1958 3720 2019 3761 v.
2056 3704 2130 3775 5;
2165 3705 2462 3779 quattuor
2492 3703 2703 3778 capita
2731 3699 2914 3778 pardi
2945 3696 3191 3758 intelli-

555 3800 787 3875 guntur
816 3796 894 3855 de
923 3800 1217 3874 quattuor
1240 3799 1453 3875 regnis
1485 3816 1562 3857 ex
1588 3798 1924 3858 Alexandri
1961 3799 2332 3859 monarchia
2362 3799 2628 3872 exortiS,
2661 3815 2824 3875 quae
2857 3796 3198 3874 explicatio

555 3895 700 3965 832
729 3893 914 3954 nobis
944 3894 1205 3955 omnino
1247 3896 1650 3973 proponitur.
1679 3896 1862 3957 Unde
1895 3896 2122 3956 saltem
2151 3897 2338 3957 valde
2370 3896 2702 3975 probabile
2735 3900 2833 3955 est
2876 3899 2941 3955 et
2967 3893 3048 3953 ad
3081 3910 3196 3952 an·
3532 3954 3533 3976 χ

556 3991 914 4053 tecedentia
962 3993 1148 4072 plane
1196 4009 1592 4071 consequens
1633 3994 1827 4055 etiam
1861 3994 2085 4054 decem
2126 4012 2308 4073 reges
2347 3995 2450 4054 vel
2479 4010 2673 4072 regna
2717 3996 2891 4054 certo
2928 4008 3202 4053 numero

558 4089 1036 4168 comprehendi.
1073 4093 1364 4153 Ceterum
1403 4108 1547 4167 cum
1598 4097 1826 4171 agatur
1871 4092 1949 4152 de
1982 4111 2048 4152 re
2087 4110 2252 4170 quae
2297 4092 2509 4154 futuro
2549 4097 2840 4169 tempore
2874 4089 3206 4168 implenda

559 4187 708 4261 erit,
736 4191 904 4249 certa
933 4188 1246 4249 sententia
1275 4189 1471 4250 statui
1499 4191 1746 4266 nequit.
1783 4190 1990 4250 Etiam
2012 4190 2202 4251 hodie
2236 4190 2447 4251 dicere
2480 4190 2791 4249 debemus
2828 4187 3003 4266 quod
3048 4187 3195 4265 Hip.

560 4285 714 4346 olim
762 4287 1063 4365 scripsit:
1110 4309 1140 4342 «
1178 4286 1725 4365 quemadmodum
1770 4288 1850 4348 de
1892 4288 2091 4366 pardo
2139 4288 2454 4367 propheta
2496 4287 2655 4347 dixit
2707 4286 2869 4347 hanc
2916 4285 3196 4346 bestiam

562 4388 864 4460 quattuor
898 4386 1105 4462 capita
1141 4384 1376 4446 habere
1409 4386 1587 4464 quod*
1623 4386 1836 4465 reipsa
1877 4386 2176 4464 contigit,
2211 4403 2359 4446 nam
2397 4385 2674 4446 divisum
2708 4389 2805 4444 est
2850 4382 3202 4461 imperium

559 4481 896 4542 Alexandri
930 4483 994 4542 in
1018 4488 1317 4561 quattuor
1342 4501 1568 4562 regna,
1604 4488 1691 4546 sic
1718 4489 1778 4545 et
1806 4502 1967 4544 nunc
1993 4490 2338 4562 exspectare
2362 4489 2594 4563 oportet
2623 4501 2825 4561 usque
2866 4482 3023 4542 dum
3055 4497 3200 4541 sur-

561 4582 711 4657 gant
752 4578 972 4639 decem
1020 4598 1256 4642 cornua
1298 4599 1374 4642 ex
1416 4584 1538 4642 ista
1581 4582 1818 4656 bestia,
1870 4598 2016 4642 cum
2053 4587 2305 4660 tempus
2350 4582 2490 4644 eius
2521 4581 2909 4659 completum
2947 4578 3098 4650 erit,
3137 4583 3205 4639 et

561 4693 834 4755 parvum
879 4693 1073 4738 cornu
1105 4678 1277 4755 quod
1310 4683 1406 4738 est
1452 4680 1861 4739 antichristus
1903 4679 2070 4738 inter
2098 4679 2212 4739 illa
2255 4697 2488 4741 cornua
2520 4684 2782 4758 repente
2822 4680 3203 4754 appareat...

563 4776 654 4835 ita
682 4780 751 4835 ut
779 4792 909 4835 non
949 4775 1297 4854 anticipare
1341 4781 1632 4854 oporteat
1657 4777 1773 4837 Dei
1809 4777 2171 4850 consilium,
2205 4777 2316 4838 sed
2345 4777 2718 4855 patientiam
2759 4774 2990 4835 habere
3021 4777 3087 4834 et
3116 4774 3206 4834 ti-
