<?xml version="1.0" encoding="UTF-8"?>
<!DOCTYPE html PUBLIC "-//W3C//DTD XHTML 1.0 Transitional//EN"
    "http://www.w3.org/TR/xhtml1/DTD/xhtml1-transitional.dtd">
<html xmlns="http://www.w3.org/1999/xhtml" xml:lang="en" lang="en">
 <head>
  <title>
</title>
<meta http-equiv="Content-Type" content="text/html;charset=utf-8" />
  <meta name='ocr-system' content='tesseract 3.04.00' />
  <meta name='ocr-capabilities' content='ocr_page ocr_carea ocr_par ocr_line ocrx_word'/>
</head>
<body>
  <div class='ocr_page' id='page_1' title='image "./commentariusind01knabgoog_0100.png"; bbox 0 0 3550 5367; ppageno 0'>
   <div class='ocr_carea' id='block_1_1' title="bbox 199 339 1040 410">
    <p class='ocr_par' dir='ltr' id='par_1_1' title="bbox 199 339 1040 410">
     <span class='ocr_line' id='line_1_1' title="bbox 199 339 1040 410; baseline 0.002 -12"><span class='ocrx_word' id='word_1_1' title='bbox 199 357 200 368; x_wconf 70' lang='lat'><em>²</em></span> <span class='ocrx_word' id='word_1_2' title='bbox 256 339 295 398; x_wconf 85' lang='lat'>88</span> <span class='ocrx_word' id='word_1_3' title='bbox 793 339 869 400; x_wconf 75' lang='lat' dir='ltr'>DAN.</span> <span class='ocrx_word' id='word_1_4' title='bbox 893 342 924 410; x_wconf 78' lang='lat'>2,</span> <span class='ocrx_word' id='word_1_5' title='bbox 946 341 1040 400; x_wconf 73' lang='grc'><strong>34-38</strong></span> 
     </span>
    </p>
   </div>
   <div class='ocr_carea' id='block_1_2' title="bbox 110 479 1571 578">
    <p class='ocr_par' dir='ltr' id='par_1_2' title="bbox 110 479 1571 578">
     <span class='ocr_line' id='line_1_2' title="bbox 110 479 1571 578; baseline 0.003 -29"><span class='ocrx_word' id='word_1_6' title='bbox 110 479 111 486; x_wconf 56' lang='lat'><em>&#39;</em></span> <span class='ocrx_word' id='word_1_7' title='bbox 176 563 178 570; x_wconf 15' lang='grc' dir='ltr'><em>Α</em></span> <span class='ocrx_word' id='word_1_8' title='bbox 256 509 288 554; x_wconf 86' lang='grc' dir='ltr'>ν.</span> <span class='ocrx_word' id='word_1_9' title='bbox 306 494 347 555; x_wconf 79' lang='lat' dir='ltr'>ts</span> <span class='ocrx_word' id='word_1_10' title='bbox 365 513 380 546; x_wconf 82' lang='lat' dir='ltr'>r</span> <span class='ocrx_word' id='word_1_11' title='bbox 402 487 555 578; x_wconf 77' lang='lat' dir='ltr'>(Mate.);</span> <span class='ocrx_word' id='word_1_12' title='bbox 572 510 604 552; x_wconf 89' lang='lat' dir='ltr'>v.</span> <span class='ocrx_word' id='word_1_13' title='bbox 622 495 664 555; x_wconf 68' lang='lat'>3¹4</span> <span class='ocrx_word' id='word_1_14' title='bbox 683 518 698 548; x_wconf 79' lang='grc' dir='ltr'>(ι</span> <span class='ocrx_word' id='word_1_15' title='bbox 716 486 851 556; x_wconf 76' lang='lat' dir='ltr'><em>videbas</em></span> <span class='ocrx_word' id='word_1_16' title='bbox 866 487 1046 570; x_wconf 85' lang='lat' dir='ltr'>itc,dcnec</span> <span class='ocrx_word' id='word_1_17' title='bbox 1061 486 1387 578; x_wconf 83' lang='lat' dir='ltr'>abscissnscstlcpis</span> <span class='ocrx_word' id='word_1_18' title='bbox 1402 487 1571 556; x_wconf 86' lang='lat' dir='ltr'>demente</span> 
     </span>
    </p>
   </div>
   <div class='ocr_carea' id='block_1_3' title="bbox 231 592 1573 1963">
    <p class='ocr_par' dir='ltr' id='par_1_3' title="bbox 231 592 1573 1963">
     <span class='ocr_line' id='line_1_3' title="bbox 256 592 1572 684; baseline 0.001 -25"><span class='ocrx_word' id='word_1_19' title='bbox 256 592 328 660; x_wconf 90' lang='lat' dir='ltr'>sinc</span> <span class='ocrx_word' id='word_1_20' title='bbox 343 593 500 660; x_wconf 77' lang='lat' dir='ltr'>menibus</span> <span class='ocrx_word' id='word_1_21' title='bbox 522 607 554 660; x_wconf 89' lang='lat' dir='ltr'>ct</span> <span class='ocrx_word' id='word_1_22' title='bbox 566 595 734 684; x_wconf 78' lang='lat' dir='ltr'><em>percussit</em></span> <span class='ocrx_word' id='word_1_23' title='bbox 748 608 898 663; x_wconf 82' lang='lat' dir='ltr'>statuam</span> <span class='ocrx_word' id='word_1_24' title='bbox 918 594 955 660; x_wconf 93' lang='lat' dir='ltr'>in</span> <span class='ocrx_word' id='word_1_25' title='bbox 976 594 1121 684; x_wconf 84' lang='lat' dir='ltr'>pedibus</span> <span class='ocrx_word' id='word_1_26' title='bbox 1141 594 1211 661; x_wconf 88' lang='lat' dir='ltr'>eins</span> <span class='ocrx_word' id='word_1_27' title='bbox 1224 595 1346 683; x_wconf 77' lang='lat' dir='ltr'>ferreis</span> <span class='ocrx_word' id='word_1_28' title='bbox 1364 608 1396 660; x_wconf 84' lang='lat' dir='ltr'>et</span> <span class='ocrx_word' id='word_1_29' title='bbox 1407 593 1572 682; x_wconf 78' lang='lat' dir='ltr'>fictilibus</span> 
     </span>
     <span class='ocr_line' id='line_1_4' title="bbox 257 701 1570 790; baseline 0 -24"><span class='ocrx_word' id='word_1_30' title='bbox 257 712 290 766; x_wconf 87' lang='lat' dir='ltr'>ct</span> <span class='ocrx_word' id='word_1_31' title='bbox 302 701 503 768; x_wconf 78' lang='lat' dir='ltr'><em>comminuit</em></span> <span class='ocrx_word' id='word_1_32' title='bbox 514 723 568 767; x_wconf 89' lang='lat' dir='ltr'>ecs</span> <span class='ocrx_word' id='word_1_33' title='bbox 585 724 619 783; x_wconf 71' lang='grc' dir='ltr'>»ς</span> <span class='ocrx_word' id='word_1_34' title='bbox 637 739 682 752; x_wconf 89' lang='grc'>-</span> <span class='ocrx_word' id='word_1_35' title='bbox 696 725 764 768; x_wconf 92' lang='lat' dir='ltr'>non</span> <span class='ocrx_word' id='word_1_36' title='bbox 784 704 914 790; x_wconf 85' lang='lat' dir='ltr'>legitur</span> <span class='ocrx_word' id='word_1_37' title='bbox 930 703 966 767; x_wconf 94' lang='lat' dir='ltr'>in</span> <span class='ocrx_word' id='word_1_38' title='bbox 982 706 1077 768; x_wconf 83' lang='lat' dir='ltr'>textu</span> <span class='ocrx_word' id='word_1_39' title='bbox 1094 701 1136 767; x_wconf 91' lang='lat' dir='ltr'>de</span> <span class='ocrx_word' id='word_1_40' title='bbox 1157 711 1290 782; x_wconf 87' lang='lat' dir='ltr'>monte,·</span> <span class='ocrx_word' id='word_1_41' title='bbox 1301 702 1431 780; x_wconf 87' lang='lat' dir='ltr'>subito,</span> <span class='ocrx_word' id='word_1_42' title='bbox 1449 723 1489 766; x_wconf 82' lang='lat' dir='ltr'>ex</span> <span class='ocrx_word' id='word_1_43' title='bbox 1505 702 1570 766; x_wconf 92' lang='lat' dir='ltr'>im-</span> 
     </span>
     <span class='ocr_line' id='line_1_5' title="bbox 231 807 1571 897; baseline 0 -25"><span class='ocrx_word' id='word_1_44' title='bbox 231 847 240 862; x_wconf 86' lang='lat'><strong>·</strong></span> <span class='ocrx_word' id='word_1_45' title='bbox 256 807 404 897; x_wconf 88' lang='lat' dir='ltr'>proviso,</span> <span class='ocrx_word' id='word_1_46' title='bbox 421 809 492 876; x_wconf 90' lang='lat' dir='ltr'>sine</span> <span class='ocrx_word' id='word_1_47' title='bbox 505 807 575 874; x_wconf 87' lang='lat' dir='ltr'>ulla</span> <span class='ocrx_word' id='word_1_48' title='bbox 587 809 852 895; x_wconf 84' lang='lat' dir='ltr'>significatione,</span> <span class='ocrx_word' id='word_1_49' title='bbox 868 809 961 875; x_wconf 90' lang='lat' dir='ltr'>unde</span> <span class='ocrx_word' id='word_1_50' title='bbox 977 809 1063 897; x_wconf 90' lang='lat' dir='ltr'>lapis</span> <span class='ocrx_word' id='word_1_51' title='bbox 1081 809 1124 874; x_wconf 90' lang='lat' dir='ltr'>sit</span> <span class='ocrx_word' id='word_1_52' title='bbox 1143 808 1298 883; x_wconf 77' lang='lat' dir='ltr'>avulsus,</span> <span class='ocrx_word' id='word_1_53' title='bbox 1316 807 1368 872; x_wconf 91' lang='lat' dir='ltr'>vel</span> <span class='ocrx_word' id='word_1_54' title='bbox 1388 807 1415 874; x_wconf 94' lang='lat' dir='ltr'>si</span> <span class='ocrx_word' id='word_1_55' title='bbox 1432 807 1571 897; x_wconf 90' lang='lat' dir='ltr'>supple·</span> 
     </span>
     <span class='ocr_line' id='line_1_6' title="bbox 256 913 1573 1003; baseline -0.001 -24"><span class='ocrx_word' id='word_1_56' title='bbox 256 914 346 981; x_wconf 88' lang='lat' dir='ltr'>veris</span> <span class='ocrx_word' id='word_1_57' title='bbox 365 937 406 980; x_wconf 83' lang='lat' dir='ltr'>ce</span> <span class='ocrx_word' id='word_1_58' title='bbox 432 926 544 981; x_wconf 83' lang='lat' dir='ltr'>ruente</span> <span class='ocrx_word' id='word_1_59' title='bbox 570 937 659 982; x_wconf 85' lang='lat' dir='ltr'>exv.</span> <span class='ocrx_word' id='word_1_60' title='bbox 690 919 731 983; x_wconf 81' lang='lat' dir='ltr'>ts</span> <span class='ocrx_word' id='word_1_61' title='bbox 754 937 832 982; x_wconf 89' lang='lat' dir='ltr'>cum</span> <span class='ocrx_word' id='word_1_62' title='bbox 859 936 914 1002; x_wconf 84' lang='lat' dir='ltr'>gr.</span> <span class='ocrx_word' id='word_1_63' title='bbox 939 917 1029 996; x_wconf 73' lang='lat' dir='ltr'>Lxx,</span> <span class='ocrx_word' id='word_1_64' title='bbox 1052 915 1090 983; x_wconf 87' lang='lat' dir='ltr'>S.</span> <span class='ocrx_word' id='word_1_65' title='bbox 1115 914 1225 995; x_wconf 69' lang='lat' dir='ltr'>Ilien,</span> <span class='ocrx_word' id='word_1_66' title='bbox 1246 914 1319 980; x_wconf 90' lang='lat' dir='ltr'>sine</span> <span class='ocrx_word' id='word_1_67' title='bbox 1338 914 1410 980; x_wconf 91' lang='lat' dir='ltr'>ulla</span> <span class='ocrx_word' id='word_1_68' title='bbox 1432 913 1573 1003; x_wconf 84' lang='lat' dir='ltr'>praevia</span> 
     </span>
     <span class='ocr_line' id='line_1_7' title="bbox 256 1019 1572 1112; baseline -0.001 -26"><span class='ocrx_word' id='word_1_69' title='bbox 256 1020 428 1086; x_wconf 82' lang='lat' dir='ltr'>mentione</span> <span class='ocrx_word' id='word_1_70' title='bbox 452 1022 591 1103; x_wconf 89' lang='lat' dir='ltr'>montis,</span> <span class='ocrx_word' id='word_1_71' title='bbox 614 1043 667 1088; x_wconf 85' lang='lat' dir='ltr'>res</span> <span class='ocrx_word' id='word_1_72' title='bbox 691 1023 881 1112; x_wconf 76' lang='lat' dir='ltr'>peragitur,</span> <span class='ocrx_word' id='word_1_73' title='bbox 902 1019 1195 1111; x_wconf 80' lang='lat' dir='ltr'>quemadmodum</span> <span class='ocrx_word' id='word_1_74' title='bbox 1216 1022 1253 1086; x_wconf 89' lang='lat' dir='ltr'>in</span> <span class='ocrx_word' id='word_1_75' title='bbox 1273 1020 1412 1086; x_wconf 90' lang='lat' dir='ltr'>somniis</span> <span class='ocrx_word' id='word_1_76' title='bbox 1431 1024 1572 1110; x_wconf 85' lang='lat' dir='ltr'>repente</span> 
     </span>
     <span class='ocr_line' id='line_1_8' title="bbox 256 1125 1572 1218; baseline 0 -27"><span class='ocrx_word' id='word_1_77' title='bbox 256 1125 504 1193; x_wconf 80' lang='lat' dir='ltr'>vicissitudines</span> <span class='ocrx_word' id='word_1_78' title='bbox 518 1148 635 1194; x_wconf 87' lang='lat' dir='ltr'>rerum</span> <span class='ocrx_word' id='word_1_79' title='bbox 650 1150 828 1217; x_wconf 81' lang='lat' dir='ltr'>novaeque</span> <span class='ocrx_word' id='word_1_80' title='bbox 845 1127 1080 1218; x_wconf 76' lang='lat' dir='ltr'>apparitiones</span> <span class='ocrx_word' id='word_1_81' title='bbox 1099 1127 1175 1192; x_wconf 86' lang='lat' dir='ltr'>lieri</span> <span class='ocrx_word' id='word_1_82' title='bbox 1191 1127 1316 1207; x_wconf 81' lang='lat' dir='ltr'>solent3</span> <span class='ocrx_word' id='word_1_83' title='bbox 1334 1150 1367 1192; x_wconf 81' lang='lat' dir='ltr'>v,</span> <span class='ocrx_word' id='word_1_84' title='bbox 1389 1134 1430 1193; x_wconf 83' lang='lat'>35</span> <span class='ocrx_word' id='word_1_85' title='bbox 1454 1157 1469 1186; x_wconf 92' lang='lat'>«</span> <span class='ocrx_word' id='word_1_86' title='bbox 1492 1137 1572 1191; x_wconf 78' lang='lat' dir='ltr'>tctnc</span> 
     </span>
     <span class='ocr_line' id='line_1_9' title="bbox 258 1231 1571 1322; baseline -0.002 -24"><span class='ocrx_word' id='word_1_87' title='bbox 258 1233 402 1298; x_wconf 85' lang='lat' dir='ltr'>contrite</span> <span class='ocrx_word' id='word_1_88' title='bbox 416 1233 636 1322; x_wconf 84' lang='lat' dir='ltr'>snntpariter</span> <span class='ocrx_word' id='word_1_89' title='bbox 644 1235 792 1322; x_wconf 79' lang='lat' dir='ltr'>ferrern,</span> <span class='ocrx_word' id='word_1_90' title='bbox 807 1245 903 1315; x_wconf 84' lang='lat' dir='ltr'>teste,</span> <span class='ocrx_word' id='word_1_91' title='bbox 922 1257 992 1315; x_wconf 85' lang='lat' dir='ltr'>ecs,</span> <span class='ocrx_word' id='word_1_92' title='bbox 1008 1247 1186 1322; x_wconf 70' lang='lat' dir='ltr'>arpentum</span> <span class='ocrx_word' id='word_1_93' title='bbox 1202 1246 1235 1298; x_wconf 85' lang='lat' dir='ltr'>ct</span> <span class='ocrx_word' id='word_1_94' title='bbox 1248 1255 1372 1298; x_wconf 75' lang='lat' dir='ltr'>nicrum</span> <span class='ocrx_word' id='word_1_95' title='bbox 1388 1245 1420 1297; x_wconf 88' lang='lat' dir='ltr'>ct</span> <span class='ocrx_word' id='word_1_96' title='bbox 1434 1231 1571 1298; x_wconf 84' lang='lat' dir='ltr'>redacta</span> 
     </span>
     <span class='ocr_line' id='line_1_10' title="bbox 257 1337 1572 1430; baseline -0.001 -26"><span class='ocrx_word' id='word_1_97' title='bbox 257 1338 358 1425; x_wconf 79' lang='lat' dir='ltr'>qrccsi</span> <span class='ocrx_word' id='word_1_98' title='bbox 380 1337 415 1404; x_wconf 92' lang='lat' dir='ltr'>in</span> <span class='ocrx_word' id='word_1_99' title='bbox 434 1338 595 1428; x_wconf 78' lang='lat' dir='ltr'>[ccillam</span> <span class='ocrx_word' id='word_1_100' title='bbox 619 1341 766 1406; x_wconf 88' lang='lat' dir='ltr'>cesticne</span> <span class='ocrx_word' id='word_1_101' title='bbox 795 1363 897 1407; x_wconf 84' lang='lat' dir='ltr'>creec</span> <span class='ocrx_word' id='word_1_102' title='bbox 926 1361 1015 1430; x_wconf 80' lang='lat' dir='ltr'>qccue</span> <span class='ocrx_word' id='word_1_103' title='bbox 1038 1349 1139 1429; x_wconf 82' lang='lat' dir='ltr'>rupte</span> <span class='ocrx_word' id='word_1_104' title='bbox 1165 1352 1244 1405; x_wconf 77' lang='lat' dir='ltr'>scint</span> <span class='ocrx_word' id='word_1_105' title='bbox 1271 1353 1369 1405; x_wconf 87' lang='lat' dir='ltr'>cento</span> <span class='ocrx_word' id='word_1_106' title='bbox 1393 1337 1572 1427; x_wconf 81' lang='lat' dir='ltr'>nullasque</span> 
     </span>
     <span class='ocr_line' id='line_1_11' title="bbox 257 1443 1573 1537; baseline -0.002 -25"><span class='ocrx_word' id='word_1_107' title='bbox 257 1448 350 1512; x_wconf 84' lang='lat' dir='ltr'>locus</span> <span class='ocrx_word' id='word_1_108' title='bbox 369 1443 522 1512; x_wconf 83' lang='lat' dir='ltr'>inventus</span> <span class='ocrx_word' id='word_1_109' title='bbox 536 1457 585 1512; x_wconf 85' lang='lat' dir='ltr'>est</span> <span class='ocrx_word' id='word_1_110' title='bbox 599 1447 665 1529; x_wconf 89' lang='lat' dir='ltr'>eis;</span> <span class='ocrx_word' id='word_1_111' title='bbox 680 1446 769 1537; x_wconf 84' lang='lat' dir='ltr'>lapis</span> <span class='ocrx_word' id='word_1_112' title='bbox 787 1460 903 1513; x_wconf 75' lang='lat' dir='ltr'>cirtem</span> <span class='ocrx_word' id='word_1_113' title='bbox 922 1448 985 1536; x_wconf 85' lang='lat' dir='ltr'>qni</span> <span class='ocrx_word' id='word_1_114' title='bbox 999 1459 1212 1531; x_wconf 81' lang='lat' dir='ltr'>percusserat</span> <span class='ocrx_word' id='word_1_115' title='bbox 1231 1459 1381 1511; x_wconf 82' lang='lat' dir='ltr'>statuum</span> <span class='ocrx_word' id='word_1_116' title='bbox 1398 1446 1511 1535; x_wconf 80' lang='lat' dir='ltr'>sectus</span> <span class='ocrx_word' id='word_1_117' title='bbox 1525 1457 1573 1511; x_wconf 89' lang='lat' dir='ltr'>cst</span> 
     </span>
     <span class='ocr_line' id='line_1_12' title="bbox 257 1551 1573 1642; baseline -0.002 -24"><span class='ocrx_word' id='word_1_118' title='bbox 257 1573 353 1618; x_wconf 78' lang='lat' dir='ltr'>moris</span> <span class='ocrx_word' id='word_1_119' title='bbox 374 1573 519 1640; x_wconf 78' lang='lat' dir='ltr'>meqnns</span> <span class='ocrx_word' id='word_1_120' title='bbox 537 1564 568 1618; x_wconf 90' lang='lat' dir='ltr'>et</span> <span class='ocrx_word' id='word_1_121' title='bbox 590 1552 745 1642; x_wconf 83' lang='lat' dir='ltr'>implevit</span> <span class='ocrx_word' id='word_1_122' title='bbox 761 1555 954 1620; x_wconf 82' lang='lat' dir='ltr'>rcniuersem</span> <span class='ocrx_word' id='word_1_123' title='bbox 977 1567 1104 1619; x_wconf 85' lang='lat' dir='ltr'>terrum</span> <span class='ocrx_word' id='word_1_124' title='bbox 1122 1578 1158 1636; x_wconf 81' lang='lat'>»3</span> <span class='ocrx_word' id='word_1_125' title='bbox 1175 1557 1270 1618; x_wconf 86' lang='lat' dir='ltr'>-et</span> <span class='ocrx_word' id='word_1_126' title='bbox 1288 1551 1378 1618; x_wconf 78' lang='lat' dir='ltr'>iacta</span> <span class='ocrx_word' id='word_1_127' title='bbox 1396 1559 1474 1617; x_wconf 91' lang='lat' dir='ltr'>sunt</span> <span class='ocrx_word' id='word_1_128' title='bbox 1487 1553 1573 1617; x_wconf 84' lang='lat' dir='ltr'>sicat</span> 
     </span>
     <span class='ocr_line' id='line_1_13' title="bbox 255 1658 1571 1748; baseline -0.002 -24"><span class='ocrx_word' id='word_1_129' title='bbox 255 1659 376 1748; x_wconf 74' lang='lat' dir='ltr'>qlccmc</span> <span class='ocrx_word' id='word_1_130' title='bbox 396 1659 449 1724; x_wconf 93' lang='lat' dir='ltr'>vel</span> <span class='ocrx_word' id='word_1_131' title='bbox 466 1658 579 1747; x_wconf 88' lang='lat' dir='ltr'>pulvis</span> <span class='ocrx_word' id='word_1_132' title='bbox 594 1680 636 1724; x_wconf 77' lang='lat' dir='ltr'>cn</span> <span class='ocrx_word' id='word_1_133' title='bbox 650 1661 738 1726; x_wconf 87' lang='lat' dir='ltr'>creis</span> <span class='ocrx_word' id='word_1_134' title='bbox 752 1659 886 1726; x_wconf 81' lang='lat' dir='ltr'>aestiuis</span> <span class='ocrx_word' id='word_1_135' title='bbox 906 1665 940 1726; x_wconf 87' lang='lat' dir='ltr'>et</span> <span class='ocrx_word' id='word_1_136' title='bbox 959 1661 1049 1748; x_wconf 84' lang='lat' dir='ltr'>rapit</span> <span class='ocrx_word' id='word_1_137' title='bbox 1069 1681 1110 1726; x_wconf 90' lang='lat' dir='ltr'>ea</span> <span class='ocrx_word' id='word_1_138' title='bbox 1129 1667 1267 1740; x_wconf 85' lang='lat' dir='ltr'>ventus3</span> <span class='ocrx_word' id='word_1_139' title='bbox 1283 1663 1393 1725; x_wconf 88' lang='lat' dir='ltr'>statua</span> <span class='ocrx_word' id='word_1_140' title='bbox 1410 1659 1571 1744; x_wconf 82' lang='lat' dir='ltr'>igiturex</span> 
     </span>
     <span class='ocr_line' id='line_1_14' title="bbox 256 1763 1571 1855; baseline -0.002 -23"><span class='ocrx_word' id='word_1_141' title='bbox 256 1764 403 1832; x_wconf 84' lang='lat' dir='ltr'>metallis</span> <span class='ocrx_word' id='word_1_142' title='bbox 431 1763 577 1832; x_wconf 87' lang='lat' dir='ltr'>conflata</span> <span class='ocrx_word' id='word_1_143' title='bbox 595 1788 734 1855; x_wconf 89' lang='lat' dir='ltr'>prorsus</span> <span class='ocrx_word' id='word_1_144' title='bbox 757 1771 809 1834; x_wconf 89' lang='lat' dir='ltr'>est</span> <span class='ocrx_word' id='word_1_145' title='bbox 832 1766 980 1833; x_wconf 81' lang='lat' dir='ltr'>contrita</span> <span class='ocrx_word' id='word_1_146' title='bbox 1001 1771 1034 1832; x_wconf 87' lang='lat' dir='ltr'>et</span> <span class='ocrx_word' id='word_1_147' title='bbox 1055 1766 1152 1854; x_wconf 89' lang='lat' dir='ltr'>quasi</span> <span class='ocrx_word' id='word_1_148' title='bbox 1169 1766 1205 1831; x_wconf 88' lang='lat' dir='ltr'>in</span> <span class='ocrx_word' id='word_1_149' title='bbox 1228 1771 1366 1830; x_wconf 86' lang='lat' dir='ltr'>tenuem</span> <span class='ocrx_word' id='word_1_150' title='bbox 1394 1765 1571 1855; x_wconf 85' lang='lat' dir='ltr'>pulverem</span> 
     </span>
     <span class='ocr_line' id='line_1_15' title="bbox 257 1870 1481 1963; baseline 0.001 -27"><span class='ocrx_word' id='word_1_151' title='bbox 257 1870 396 1940; x_wconf 87' lang='lat' dir='ltr'>redacta</span> <span class='ocrx_word' id='word_1_152' title='bbox 414 1872 474 1960; x_wconf 91' lang='lat' dir='ltr'>qui</span> <span class='ocrx_word' id='word_1_153' title='bbox 488 1877 589 1939; x_wconf 90' lang='lat' dir='ltr'>vento</span> <span class='ocrx_word' id='word_1_154' title='bbox 609 1873 775 1963; x_wconf 88' lang='lat' dir='ltr'>abreptus</span> <span class='ocrx_word' id='word_1_155' title='bbox 788 1873 857 1939; x_wconf 91' lang='lat' dir='ltr'>iam</span> <span class='ocrx_word' id='word_1_156' title='bbox 877 1871 979 1962; x_wconf 88' lang='lat' dir='ltr'>plane</span> <span class='ocrx_word' id='word_1_157' title='bbox 994 1871 1174 1961; x_wconf 88' lang='lat' dir='ltr'>dissipatus</span> <span class='ocrx_word' id='word_1_158' title='bbox 1189 1877 1238 1937; x_wconf 87' lang='lat' dir='ltr'>est</span> <span class='ocrx_word' id='word_1_159' title='bbox 1254 1876 1288 1937; x_wconf 85' lang='lat' dir='ltr'>et</span> <span class='ocrx_word' id='word_1_160' title='bbox 1303 1870 1481 1960; x_wconf 85' lang='lat' dir='ltr'>disparuit.</span> 
     </span>
    </p>
   </div>
   <div class='ocr_carea' id='block_1_4' title="bbox 513 2104 1310 2172">
    <p class='ocr_par' dir='ltr' id='par_1_4' title="bbox 513 2104 1310 2172">
     <span class='ocr_line' id='line_1_16' title="bbox 513 2104 1310 2172; baseline -0.003 -14"><span class='ocrx_word' id='word_1_161' title='bbox 513 2107 537 2170; x_wconf 90' lang='lat' dir='ltr'>c)</span> <span class='ocrx_word' id='word_1_162' title='bbox 557 2105 676 2158; x_wconf 78' lang='lat' dir='ltr'>Daniel</span> <span class='ocrx_word' id='word_1_163' title='bbox 694 2108 854 2160; x_wconf 81' lang='lat' dir='ltr'>somnium</span> <span class='ocrx_word' id='word_1_164' title='bbox 874 2105 1174 2172; x_wconf 73' lang='lat' dir='ltr'>interpretatura,</span> <span class='ocrx_word' id='word_1_165' title='bbox 1194 2104 1310 2158; x_wconf 77' lang='grc'><strong>86-49.</strong></span> 
     </span>
    </p>
   </div>
   <div class='ocr_carea' id='block_1_5' title="bbox 251 2295 1577 4835">
    <p class='ocr_par' dir='ltr' id='par_1_5' title="bbox 251 2295 1577 4835">
     <span class='ocr_line' id='line_1_17' title="bbox 301 2295 1573 2387; baseline -0.002 -25"><span class='ocrx_word' id='word_1_166' title='bbox 301 2302 336 2363; x_wconf 87' lang='lat' dir='ltr'>V.</span> <span class='ocrx_word' id='word_1_167' title='bbox 360 2303 402 2365; x_wconf 83' lang='lat'>36</span> <span class='ocrx_word' id='word_1_168' title='bbox 428 2326 444 2360; x_wconf 81' lang='lat' dir='ltr'>n</span> <span class='ocrx_word' id='word_1_169' title='bbox 469 2301 541 2364; x_wconf 89' lang='lat' dir='ltr'>Hoc</span> <span class='ocrx_word' id='word_1_170' title='bbox 560 2312 609 2364; x_wconf 86' lang='lat' dir='ltr'>est</span> <span class='ocrx_word' id='word_1_171' title='bbox 624 2299 813 2381; x_wconf 82' lang='lat' dir='ltr'>sornrn&#39;nm;</span> <span class='ocrx_word' id='word_1_172' title='bbox 831 2299 1149 2387; x_wconf 82' lang='lat' dir='ltr'>interpretationem</span> <span class='ocrx_word' id='word_1_173' title='bbox 1172 2320 1307 2386; x_wconf 80' lang='lat' dir='ltr'>qnoque</span> <span class='ocrx_word' id='word_1_174' title='bbox 1333 2297 1403 2363; x_wconf 79' lang='lat' dir='ltr'>eins</span> <span class='ocrx_word' id='word_1_175' title='bbox 1423 2295 1573 2363; x_wconf 75' lang='lat' dir='ltr'>diremtos</span> 
     </span>
     <span class='ocr_line' id='line_1_18' title="bbox 258 2403 1574 2493; baseline -0.001 -23"><span class='ocrx_word' id='word_1_176' title='bbox 258 2427 371 2470; x_wconf 88' lang='lat' dir='ltr'>cornrn</span> <span class='ocrx_word' id='word_1_177' title='bbox 384 2416 413 2472; x_wconf 90' lang='lat' dir='ltr'>te</span> <span class='ocrx_word' id='word_1_178' title='bbox 424 2427 485 2470; x_wconf 82' lang='lat' dir='ltr'>ree</span> <span class='ocrx_word' id='word_1_179' title='bbox 501 2433 515 2464; x_wconf 76' lang='lat' dir='ltr'>r</span> <span class='ocrx_word' id='word_1_180' title='bbox 528 2408 535 2470; x_wconf 80' lang='lat' dir='ltr'>t</span> <span class='ocrx_word' id='word_1_181' title='bbox 550 2443 594 2455; x_wconf 95' lang='lat'>-</span> <span class='ocrx_word' id='word_1_182' title='bbox 605 2407 640 2470; x_wconf 93' lang='lat' dir='ltr'>in</span> <span class='ocrx_word' id='word_1_183' title='bbox 650 2411 741 2472; x_wconf 79' lang='lat' dir='ltr'>testu</span> <span class='ocrx_word' id='word_1_184' title='bbox 753 2427 860 2472; x_wconf 89' lang='lat' dir='ltr'>aram.</span> <span class='ocrx_word' id='word_1_185' title='bbox 878 2427 886 2473; x_wconf 91' lang='lat'>:</span> <span class='ocrx_word' id='word_1_186' title='bbox 903 2405 1339 2491; x_wconf 75' lang='lat' dir='ltr'>dicemuscoramrege.1n</span> <span class='ocrx_word' id='word_1_187' title='bbox 1354 2403 1574 2493; x_wconf 88' lang='lat' dir='ltr'>sequentibus</span> 
     </span>
     <span class='ocr_line' id='line_1_19' title="bbox 257 2509 1570 2599; baseline -0.002 -22"><span class='ocrx_word' id='word_1_188' title='bbox 257 2532 375 2598; x_wconf 85' lang='lat' dir='ltr'>regem</span> <span class='ocrx_word' id='word_1_189' title='bbox 400 2511 586 2599; x_wconf 85' lang='lat' dir='ltr'>alloquitur</span> <span class='ocrx_word' id='word_1_190' title='bbox 615 2534 622 2576; x_wconf 93' lang='lat'><strong>:</strong></span> <span class='ocrx_word' id='word_1_191' title='bbox 650 2517 686 2577; x_wconf 89' lang='lat' dir='ltr'>tu</span> <span class='ocrx_word' id='word_1_192' title='bbox 709 2534 782 2594; x_wconf 82' lang='lat' dir='ltr'>rex,</span> <span class='ocrx_word' id='word_1_193' title='bbox 814 2534 872 2576; x_wconf 84' lang='lat' dir='ltr'>rex</span> <span class='ocrx_word' id='word_1_194' title='bbox 902 2533 1043 2598; x_wconf 82' lang='lat' dir='ltr'>regum,</span> <span class='ocrx_word' id='word_1_195' title='bbox 1071 2511 1128 2577; x_wconf 88' lang='lat' dir='ltr'>cui</span> <span class='ocrx_word' id='word_1_196' title='bbox 1148 2514 1235 2576; x_wconf 87' lang='lat' dir='ltr'>[leus</span> <span class='ocrx_word' id='word_1_197' title='bbox 1261 2511 1346 2577; x_wconf 89' lang='lat' dir='ltr'>coeli</span> <span class='ocrx_word' id='word_1_198' title='bbox 1369 2509 1463 2576; x_wconf 85' lang='lat' dir='ltr'>dedit</span> <span class='ocrx_word' id='word_1_199' title='bbox 1488 2516 1570 2590; x_wconf 85' lang='lat' dir='ltr'>etc.;</span> 
     </span>
     <span class='ocr_line' id='line_1_20' title="bbox 256 2616 1574 2707; baseline 0.001 -26"><span class='ocrx_word' id='word_1_200' title='bbox 256 2639 289 2683; x_wconf 90' lang='lat' dir='ltr'>v.</span> <span class='ocrx_word' id='word_1_201' title='bbox 307 2623 348 2683; x_wconf 84' lang='lat'>37</span> <span class='ocrx_word' id='word_1_202' title='bbox 367 2645 382 2679; x_wconf 92' lang='lat'>«</span> <span class='ocrx_word' id='word_1_203' title='bbox 407 2618 454 2683; x_wconf 83' lang='lat' dir='ltr'>Tu</span> <span class='ocrx_word' id='word_1_204' title='bbox 474 2639 534 2682; x_wconf 81' lang='lat' dir='ltr'>ree</span> <span class='ocrx_word' id='word_1_205' title='bbox 548 2639 665 2706; x_wconf 75' lang='lat' dir='ltr'>repnrn</span> <span class='ocrx_word' id='word_1_206' title='bbox 681 2639 714 2683; x_wconf 90' lang='lat' dir='ltr'>cs</span> <span class='ocrx_word' id='word_1_207' title='bbox 736 2630 768 2684; x_wconf 86' lang='lat' dir='ltr'>et</span> <span class='ocrx_word' id='word_1_208' title='bbox 790 2620 879 2684; x_wconf 86' lang='lat' dir='ltr'>Dens</span> <span class='ocrx_word' id='word_1_209' title='bbox 894 2617 983 2684; x_wconf 89' lang='lat' dir='ltr'>coeli</span> <span class='ocrx_word' id='word_1_210' title='bbox 1000 2639 1142 2707; x_wconf 74' lang='lat' dir='ltr'>rcpnnrn</span> <span class='ocrx_word' id='word_1_211' title='bbox 1163 2630 1196 2683; x_wconf 85' lang='lat' dir='ltr'>et</span> <span class='ocrx_word' id='word_1_212' title='bbox 1205 2616 1443 2705; x_wconf 71' lang='lat' dir='ltr'>fortitudinem</span> <span class='ocrx_word' id='word_1_213' title='bbox 1466 2631 1498 2682; x_wconf 87' lang='lat' dir='ltr'>et</span> <span class='ocrx_word' id='word_1_214' title='bbox 1512 2616 1574 2682; x_wconf 88' lang='lat' dir='ltr'>im-</span> 
     </span>
     <span class='ocr_line' id='line_1_21' title="bbox 251 2721 1577 2814; baseline -0.002 -25"><span class='ocrx_word' id='word_1_215' title='bbox 251 2723 390 2813; x_wconf 79' lang='lat' dir='ltr'>perinm</span> <span class='ocrx_word' id='word_1_216' title='bbox 412 2736 446 2789; x_wconf 90' lang='lat' dir='ltr'>ct</span> <span class='ocrx_word' id='word_1_217' title='bbox 464 2725 610 2812; x_wconf 74' lang='lat' dir='ltr'>pierium</span> <span class='ocrx_word' id='word_1_218' title='bbox 635 2723 727 2790; x_wconf 87' lang='lat' dir='ltr'>dedit</span> <span class='ocrx_word' id='word_1_219' title='bbox 745 2724 818 2808; x_wconf 82' lang='lat' dir='ltr'>tibi,</span> <span class='ocrx_word' id='word_1_220' title='bbox 834 2748 866 2790; x_wconf 92' lang='lat' dir='ltr'>v.</span> <span class='ocrx_word' id='word_1_221' title='bbox 886 2729 928 2792; x_wconf 85' lang='lat'>38</span> <span class='ocrx_word' id='word_1_222' title='bbox 949 2736 983 2790; x_wconf 82' lang='lat' dir='ltr'>ct</span> <span class='ocrx_word' id='word_1_223' title='bbox 1002 2725 1118 2790; x_wconf 78' lang='lat' dir='ltr'>omnin</span> <span class='ocrx_word' id='word_1_224' title='bbox 1141 2724 1177 2789; x_wconf 89' lang='lat' dir='ltr'>in</span> <span class='ocrx_word' id='word_1_225' title='bbox 1196 2722 1319 2814; x_wconf 82' lang='lat' dir='ltr'>quibus</span> <span class='ocrx_word' id='word_1_226' title='bbox 1339 2723 1497 2790; x_wconf 77' lang='lat' dir='ltr'>debitunt</span> <span class='ocrx_word' id='word_1_227' title='bbox 1507 2721 1577 2812; x_wconf 78' lang='lat' dir='ltr'>filii</span> 
     </span>
     <span class='ocr_line' id='line_1_22' title="bbox 256 2829 1575 2920; baseline -0.005 -22"><span class='ocrx_word' id='word_1_228' title='bbox 256 2829 433 2898; x_wconf 76' lang='lat' dir='ltr'>bornicum</span> <span class='ocrx_word' id='word_1_229' title='bbox 455 2843 486 2896; x_wconf 89' lang='lat' dir='ltr'>et</span> <span class='ocrx_word' id='word_1_230' title='bbox 500 2829 624 2897; x_wconf 83' lang='lat' dir='ltr'>bestiae</span> <span class='ocrx_word' id='word_1_231' title='bbox 643 2831 730 2920; x_wconf 79' lang='lat' dir='ltr'>nqri,</span> <span class='ocrx_word' id='word_1_232' title='bbox 745 2832 897 2897; x_wconf 71' lang='lat' dir='ltr'>celatores</span> <span class='ocrx_word' id='word_1_233' title='bbox 909 2853 1047 2920; x_wconf 83' lang='lat' dir='ltr'>quoqne</span> <span class='ocrx_word' id='word_1_234' title='bbox 1065 2831 1167 2912; x_wconf 82' lang='lat' dir='ltr'>coeli,</span> <span class='ocrx_word' id='word_1_235' title='bbox 1184 2830 1275 2897; x_wconf 87' lang='lat' dir='ltr'>dedit</span> <span class='ocrx_word' id='word_1_236' title='bbox 1290 2831 1326 2897; x_wconf 87' lang='lat' dir='ltr'>in</span> <span class='ocrx_word' id='word_1_237' title='bbox 1341 2853 1446 2896; x_wconf 79' lang='lat' dir='ltr'>runnu</span> <span class='ocrx_word' id='word_1_238' title='bbox 1467 2843 1525 2896; x_wconf 85' lang='lat' dir='ltr'>tna</span> <span class='ocrx_word' id='word_1_239' title='bbox 1542 2841 1575 2894; x_wconf 85' lang='lat' dir='ltr'>ct</span> 
     </span>
     <span class='ocr_line' id='line_1_23' title="bbox 257 2935 1575 3028; baseline 0 -26"><span class='ocrx_word' id='word_1_240' title='bbox 257 2935 465 3004; x_wconf 85' lang='lat' dir='ltr'>subditione</span> <span class='ocrx_word' id='word_1_241' title='bbox 488 2949 548 3004; x_wconf 76' lang='lat' dir='ltr'>tice</span> <span class='ocrx_word' id='word_1_242' title='bbox 576 2939 732 3004; x_wconf 79' lang='lat' dir='ltr'>rcrsirersc</span> <span class='ocrx_word' id='word_1_243' title='bbox 755 2938 948 3018; x_wconf 84' lang='lat' dir='ltr'>constituit,</span> <span class='ocrx_word' id='word_1_244' title='bbox 966 2950 1003 3003; x_wconf 88' lang='lat' dir='ltr'>tu</span> <span class='ocrx_word' id='word_1_245' title='bbox 1022 2961 1055 3004; x_wconf 90' lang='lat' dir='ltr'>es</span> <span class='ocrx_word' id='word_1_246' title='bbox 1080 2960 1159 3028; x_wconf 77' lang='lat' dir='ltr'>erqo</span> <span class='ocrx_word' id='word_1_247' title='bbox 1181 2949 1286 3028; x_wconf 78' lang='lat' dir='ltr'>capnt</span> <span class='ocrx_word' id='word_1_248' title='bbox 1309 2959 1451 3004; x_wconf 83' lang='lat' dir='ltr'>nurecnn</span> <span class='ocrx_word' id='word_1_249' title='bbox 1479 2955 1514 3014; x_wconf 75' lang='lat'>»3</span> <span class='ocrx_word' id='word_1_250' title='bbox 1531 2973 1575 2985; x_wconf 89' lang='lat'>-</span> 
     </span>
     <span class='ocr_line' id='line_1_24' title="bbox 257 3043 1574 3135; baseline -0.002 -25"><span class='ocrx_word' id='word_1_251' title='bbox 257 3048 349 3110; x_wconf 86' lang='lat' dir='ltr'>verte</span> <span class='ocrx_word' id='word_1_252' title='bbox 366 3063 373 3112; x_wconf 93' lang='lat'>:</span> <span class='ocrx_word' id='word_1_253' title='bbox 389 3050 422 3110; x_wconf 90' lang='lat' dir='ltr'>et</span> <span class='ocrx_word' id='word_1_254' title='bbox 436 3045 643 3135; x_wconf 90' lang='lat' dir='ltr'>ubicumque</span> <span class='ocrx_word' id='word_1_255' title='bbox 660 3044 817 3111; x_wconf 87' lang='lat' dir='ltr'>habitant</span> <span class='ocrx_word' id='word_1_256' title='bbox 831 3045 892 3110; x_wconf 86' lang='lat' dir='ltr'>lilii</span> <span class='ocrx_word' id='word_1_257' title='bbox 904 3045 1082 3111; x_wconf 91' lang='lat' dir='ltr'>hominum</span> <span class='ocrx_word' id='word_1_258' title='bbox 1100 3051 1133 3111; x_wconf 91' lang='lat' dir='ltr'>et</span> <span class='ocrx_word' id='word_1_259' title='bbox 1144 3043 1273 3111; x_wconf 87' lang='lat' dir='ltr'>bestiae</span> <span class='ocrx_word' id='word_1_260' title='bbox 1287 3045 1361 3130; x_wconf 83' lang='lat' dir='ltr'>agri</span> <span class='ocrx_word' id='word_1_261' title='bbox 1376 3049 1410 3109; x_wconf 88' lang='lat' dir='ltr'>et</span> <span class='ocrx_word' id='word_1_262' title='bbox 1422 3043 1574 3109; x_wconf 84' lang='lat' dir='ltr'>volucres</span> 
     </span>
     <span class='ocr_line' id='line_1_25' title="bbox 258 3150 1574 3231; baseline -0.002 -13"><span class='ocrx_word' id='word_1_263' title='bbox 258 3151 355 3231; x_wconf 89' lang='lat' dir='ltr'>coeli,</span> <span class='ocrx_word' id='word_1_264' title='bbox 373 3150 467 3217; x_wconf 89' lang='lat' dir='ltr'>dedit</span> <span class='ocrx_word' id='word_1_265' title='bbox 483 3151 519 3216; x_wconf 90' lang='lat' dir='ltr'>in</span> <span class='ocrx_word' id='word_1_266' title='bbox 534 3174 675 3219; x_wconf 89' lang='lat' dir='ltr'>manum</span> <span class='ocrx_word' id='word_1_267' title='bbox 695 3156 788 3218; x_wconf 87' lang='lat' dir='ltr'>tuam</span> <span class='ocrx_word' id='word_1_268' title='bbox 805 3158 838 3219; x_wconf 90' lang='lat' dir='ltr'>et</span> <span class='ocrx_word' id='word_1_269' title='bbox 857 3151 1037 3220; x_wconf 89' lang='lat' dir='ltr'>dominum</span> <span class='ocrx_word' id='word_1_270' title='bbox 1056 3157 1089 3218; x_wconf 88' lang='lat' dir='ltr'>te</span> <span class='ocrx_word' id='word_1_271' title='bbox 1104 3152 1184 3218; x_wconf 84' lang='lat' dir='ltr'>lecit</span> <span class='ocrx_word' id='word_1_272' title='bbox 1199 3172 1316 3217; x_wconf 91' lang='lat' dir='ltr'>eorum</span> <span class='ocrx_word' id='word_1_273' title='bbox 1331 3150 1496 3216; x_wconf 91' lang='lat' dir='ltr'>omnium.</span> <span class='ocrx_word' id='word_1_274' title='bbox 1511 3155 1574 3216; x_wconf 77' lang='lat' dir='ltr'>lia-</span> 
     </span>
     <span class='ocr_line' id='line_1_26' title="bbox 257 3257 1571 3346; baseline -0.002 -22"><span class='ocrx_word' id='word_1_275' title='bbox 257 3258 328 3324; x_wconf 90' lang='lat' dir='ltr'>niel</span> <span class='ocrx_word' id='word_1_276' title='bbox 342 3262 540 3346; x_wconf 88' lang='lat' dir='ltr'>potestatem</span> <span class='ocrx_word' id='word_1_277' title='bbox 557 3260 648 3344; x_wconf 81' lang='lat' dir='ltr'>regis</span> <span class='ocrx_word' id='word_1_278' title='bbox 667 3258 769 3324; x_wconf 91' lang='lat' dir='ltr'>simili</span> <span class='ocrx_word' id='word_1_279' title='bbox 784 3257 883 3326; x_wconf 90' lang='lat' dir='ltr'>modo</span> <span class='ocrx_word' id='word_1_280' title='bbox 899 3258 1081 3340; x_wconf 83' lang='lat' dir='ltr'>describit,</span> <span class='ocrx_word' id='word_1_281' title='bbox 1098 3259 1185 3324; x_wconf 90' lang='lat' dir='ltr'>sicut</span> <span class='ocrx_word' id='word_1_282' title='bbox 1202 3258 1330 3344; x_wconf 84' lang='lat' dir='ltr'>legitur</span> <span class='ocrx_word' id='word_1_283' title='bbox 1347 3261 1408 3323; x_wconf 92' lang='lat' dir='ltr'>ler.</span> <span class='ocrx_word' id='word_1_284' title='bbox 1423 3262 1514 3337; x_wconf 72' lang='lat'>27‚5.</span> <span class='ocrx_word' id='word_1_285' title='bbox 1532 3261 1571 3336; x_wconf 82' lang='lat'>63</span> 
     </span>
     <span class='ocr_line' id='line_1_27' title="bbox 258 3362 1574 3455; baseline 0.001 -29"><span class='ocrx_word' id='word_1_286' title='bbox 258 3363 318 3452; x_wconf 90' lang='lat' dir='ltr'>qui</span> <span class='ocrx_word' id='word_1_287' title='bbox 340 3362 374 3427; x_wconf 93' lang='lat' dir='ltr'>in</span> <span class='ocrx_word' id='word_1_288' title='bbox 397 3363 552 3430; x_wconf 89' lang='lat' dir='ltr'>homines</span> <span class='ocrx_word' id='word_1_289' title='bbox 578 3365 786 3448; x_wconf 87' lang='lat' dir='ltr'>dominatur,</span> <span class='ocrx_word' id='word_1_290' title='bbox 805 3366 938 3455; x_wconf 87' lang='lat' dir='ltr'>concipi</span> <span class='ocrx_word' id='word_1_291' title='bbox 958 3371 1065 3454; x_wconf 91' lang='lat' dir='ltr'>potest</span> <span class='ocrx_word' id='word_1_292' title='bbox 1078 3371 1253 3455; x_wconf 85' lang='lat' dir='ltr'>tamquam</span> <span class='ocrx_word' id='word_1_293' title='bbox 1275 3364 1390 3452; x_wconf 87' lang='lat' dir='ltr'>quiin</span> <span class='ocrx_word' id='word_1_294' title='bbox 1416 3385 1456 3429; x_wconf 86' lang='lat' dir='ltr'>ea</span> <span class='ocrx_word' id='word_1_295' title='bbox 1474 3363 1574 3428; x_wconf 92' lang='lat' dir='ltr'>simul</span> 
     </span>
     <span class='ocr_line' id='line_1_28' title="bbox 256 3469 1574 3562; baseline 0 -29"><span class='ocrx_word' id='word_1_296' title='bbox 256 3473 458 3557; x_wconf 87' lang='lat' dir='ltr'>potestatem</span> <span class='ocrx_word' id='word_1_297' title='bbox 476 3477 606 3537; x_wconf 84' lang='lat' dir='ltr'>exercet</span> <span class='ocrx_word' id='word_1_298' title='bbox 625 3494 714 3560; x_wconf 86' lang='lat' dir='ltr'>quae</span> <span class='ocrx_word' id='word_1_299' title='bbox 736 3478 879 3562; x_wconf 85' lang='lat' dir='ltr'>propter</span> <span class='ocrx_word' id='word_1_300' title='bbox 897 3472 1072 3537; x_wconf 89' lang='lat' dir='ltr'>hominem</span> <span class='ocrx_word' id='word_1_301' title='bbox 1091 3477 1205 3538; x_wconf 88' lang='lat' dir='ltr'>creata</span> <span class='ocrx_word' id='word_1_302' title='bbox 1224 3475 1353 3538; x_wconf 87' lang='lat' dir='ltr'>suntet</span> <span class='ocrx_word' id='word_1_303' title='bbox 1373 3469 1417 3537; x_wconf 89' lang='lat' dir='ltr'>ab</span> <span class='ocrx_word' id='word_1_304' title='bbox 1438 3469 1574 3536; x_wconf 86' lang='lat' dir='ltr'>bomine</span> 
     </span>
     <span class='ocr_line' id='line_1_29' title="bbox 257 3575 1572 3658; baseline 0 -17"><span class='ocrx_word' id='word_1_305' title='bbox 257 3577 294 3642; x_wconf 91' lang='lat' dir='ltr'>in</span> <span class='ocrx_word' id='word_1_306' title='bbox 328 3597 428 3641; x_wconf 91' lang='lat' dir='ltr'>suum</span> <span class='ocrx_word' id='word_1_307' title='bbox 462 3598 560 3642; x_wconf 89' lang='lat' dir='ltr'>usum</span> <span class='ocrx_word' id='word_1_308' title='bbox 592 3599 631 3644; x_wconf 89' lang='lat' dir='ltr'>ac</span> <span class='ocrx_word' id='word_1_309' title='bbox 661 3579 837 3645; x_wconf 85' lang='lat' dir='ltr'>servitium</span> <span class='ocrx_word' id='word_1_310' title='bbox 869 3578 1092 3645; x_wconf 87' lang='lat' dir='ltr'>adhibentur.</span> <span class='ocrx_word' id='word_1_311' title='bbox 1118 3583 1222 3645; x_wconf 87' lang='lat' dir='ltr'>Deum</span> <span class='ocrx_word' id='word_1_312' title='bbox 1249 3577 1351 3658; x_wconf 89' lang='lat' dir='ltr'>coeli,</span> <span class='ocrx_word' id='word_1_313' title='bbox 1377 3599 1444 3643; x_wconf 90' lang='lat' dir='ltr'>non</span> <span class='ocrx_word' id='word_1_314' title='bbox 1468 3575 1572 3652; x_wconf 82' lang='lat' dir='ltr'>idola,</span> 
     </span>
     <span class='ocr_line' id='line_1_30' title="bbox 258 3682 1576 3772; baseline -0.002 -22"><span class='ocrx_word' id='word_1_315' title='bbox 258 3687 380 3750; x_wconf 88' lang='lat' dir='ltr'>cuncta</span> <span class='ocrx_word' id='word_1_316' title='bbox 397 3682 589 3768; x_wconf 83' lang='lat' dir='ltr'>gubernare</span> <span class='ocrx_word' id='word_1_317' title='bbox 609 3706 648 3750; x_wconf 85' lang='lat' dir='ltr'>ac</span> <span class='ocrx_word' id='word_1_318' title='bbox 668 3683 852 3772; x_wconf 89' lang='lat' dir='ltr'>disponere</span> <span class='ocrx_word' id='word_1_319' title='bbox 869 3685 1023 3770; x_wconf 81' lang='lat' dir='ltr'>graviter</span> <span class='ocrx_word' id='word_1_320' title='bbox 1043 3691 1169 3751; x_wconf 90' lang='lat' dir='ltr'>monet.</span> <span class='ocrx_word' id='word_1_321' title='bbox 1186 3689 1268 3750; x_wconf 89' lang='lat' dir='ltr'>Cum</span> <span class='ocrx_word' id='word_1_322' title='bbox 1290 3685 1399 3771; x_wconf 82' lang='lat' dir='ltr'>igitur</span> <span class='ocrx_word' id='word_1_323' title='bbox 1410 3683 1486 3770; x_wconf 83' lang='lat' dir='ltr'>regi</span> <span class='ocrx_word' id='word_1_324' title='bbox 1504 3688 1576 3749; x_wconf 88' lang='lat' dir='ltr'>tam</span> 
     </span>
     <span class='ocr_line' id='line_1_31' title="bbox 257 3788 1575 3880; baseline -0.001 -24"><span class='ocrx_word' id='word_1_325' title='bbox 257 3809 424 3876; x_wconf 81' lang='lat' dir='ltr'>magnum</span> <span class='ocrx_word' id='word_1_326' title='bbox 444 3788 627 3878; x_wconf 89' lang='lat' dir='ltr'>imperium</span> <span class='ocrx_word' id='word_1_327' title='bbox 655 3811 695 3856; x_wconf 90' lang='lat' dir='ltr'>ac</span> <span class='ocrx_word' id='word_1_328' title='bbox 724 3791 847 3856; x_wconf 83' lang='lat' dir='ltr'>florens</span> <span class='ocrx_word' id='word_1_329' title='bbox 874 3789 1110 3858; x_wconf 81' lang='lat' dir='ltr'>concreditum</span> <span class='ocrx_word' id='word_1_330' title='bbox 1129 3792 1188 3872; x_wconf 87' lang='lat' dir='ltr'>sit,</span> <span class='ocrx_word' id='word_1_331' title='bbox 1218 3792 1290 3880; x_wconf 87' lang='lat' dir='ltr'>ipsc</span> <span class='ocrx_word' id='word_1_332' title='bbox 1313 3790 1367 3856; x_wconf 91' lang='lat' dir='ltr'>vel</span> <span class='ocrx_word' id='word_1_333' title='bbox 1390 3791 1502 3879; x_wconf 90' lang='lat' dir='ltr'>potius</span> <span class='ocrx_word' id='word_1_334' title='bbox 1520 3811 1575 3855; x_wconf 90' lang='lat' dir='ltr'>re-</span> 
     </span>
     <span class='ocr_line' id='line_1_32' title="bbox 257 3895 1575 3986; baseline 0 -26"><span class='ocrx_word' id='word_1_335' title='bbox 257 3917 366 3979; x_wconf 82' lang='lat' dir='ltr'>gnum</span> <span class='ocrx_word' id='word_1_336' title='bbox 392 3895 436 3960; x_wconf 88' lang='lat' dir='ltr'>ab</span> <span class='ocrx_word' id='word_1_337' title='bbox 463 3897 536 3984; x_wconf 90' lang='lat' dir='ltr'>ipso</span> <span class='ocrx_word' id='word_1_338' title='bbox 566 3895 746 3962; x_wconf 83' lang='lat' dir='ltr'>fundatum</span> <span class='ocrx_word' id='word_1_339' title='bbox 771 3918 876 3962; x_wconf 90' lang='lat' dir='ltr'>aureo</span> <span class='ocrx_word' id='word_1_340' title='bbox 903 3896 1006 3985; x_wconf 89' lang='lat' dir='ltr'>capiti</span> <span class='ocrx_word' id='word_1_341' title='bbox 1036 3901 1167 3962; x_wconf 84' lang='lat' dir='ltr'>statuae</span> <span class='ocrx_word' id='word_1_342' title='bbox 1191 3901 1419 3986; x_wconf 87' lang='lat' dir='ltr'>comparatur.</span> <span class='ocrx_word' id='word_1_343' title='bbox 1448 3900 1575 3982; x_wconf 83' lang='lat' dir='ltr'>Regem</span> 
     </span>
     <span class='ocr_line' id='line_1_33' title="bbox 258 4001 1576 4092; baseline 0.002 -29"><span class='ocrx_word' id='word_1_344' title='bbox 258 4001 386 4090; x_wconf 89' lang='lat' dir='ltr'>quippe</span> <span class='ocrx_word' id='word_1_345' title='bbox 401 4001 606 4068; x_wconf 88' lang='lat' dir='ltr'>considerari</span> <span class='ocrx_word' id='word_1_346' title='bbox 626 4023 696 4067; x_wconf 91' lang='lat' dir='ltr'>non</span> <span class='ocrx_word' id='word_1_347' title='bbox 712 4023 777 4090; x_wconf 92' lang='lat' dir='ltr'>pro</span> <span class='ocrx_word' id='word_1_348' title='bbox 797 4025 832 4069; x_wconf 90' lang='lat' dir='ltr'>se</span> <span class='ocrx_word' id='word_1_349' title='bbox 853 4003 944 4086; x_wconf 83' lang='lat' dir='ltr'>solo,</span> <span class='ocrx_word' id='word_1_350' title='bbox 962 4024 1083 4069; x_wconf 89' lang='lat' dir='ltr'>verum</span> <span class='ocrx_word' id='word_1_351' title='bbox 1102 4007 1269 4092; x_wconf 86' lang='lat' dir='ltr'>quatenus</span> <span class='ocrx_word' id='word_1_352' title='bbox 1287 4003 1322 4066; x_wconf 90' lang='lat' dir='ltr'>in</span> <span class='ocrx_word' id='word_1_353' title='bbox 1344 4025 1379 4068; x_wconf 87' lang='lat' dir='ltr'>sc</span> <span class='ocrx_word' id='word_1_354' title='bbox 1396 4006 1506 4068; x_wconf 87' lang='lat' dir='ltr'>totum</span> <span class='ocrx_word' id='word_1_355' title='bbox 1521 4023 1576 4066; x_wconf 87' lang='lat' dir='ltr'>re·</span> 
     </span>
     <span class='ocr_line' id='line_1_34' title="bbox 258 4106 1575 4199; baseline 0 -28"><span class='ocrx_word' id='word_1_356' title='bbox 258 4129 364 4192; x_wconf 79' lang='lat' dir='ltr'>gnum</span> <span class='ocrx_word' id='word_1_357' title='bbox 382 4109 477 4197; x_wconf 88' lang='lat' dir='ltr'>quasi</span> <span class='ocrx_word' id='word_1_358' title='bbox 492 4107 675 4174; x_wconf 87' lang='lat' dir='ltr'>concludat</span> <span class='ocrx_word' id='word_1_359' title='bbox 690 4131 729 4174; x_wconf 89' lang='lat' dir='ltr'>ac</span> <span class='ocrx_word' id='word_1_360' title='bbox 748 4114 995 4199; x_wconf 87' lang='lat' dir='ltr'>repraesentet,</span> <span class='ocrx_word' id='word_1_361' title='bbox 1011 4111 1232 4197; x_wconf 88' lang='lat' dir='ltr'>consequitur</span> <span class='ocrx_word' id='word_1_362' title='bbox 1247 4133 1286 4174; x_wconf 84' lang='lat' dir='ltr'>ex</span> <span class='ocrx_word' id='word_1_363' title='bbox 1300 4108 1401 4174; x_wconf 91' lang='lat' dir='ltr'>modo</span> <span class='ocrx_word' id='word_1_364' title='bbox 1413 4106 1575 4196; x_wconf 90' lang='lat' dir='ltr'>loquendi</span> 
     </span>
     <span class='ocr_line' id='line_1_35' title="bbox 256 4213 1574 4304; baseline 0.002 -28"><span class='ocrx_word' id='word_1_365' title='bbox 256 4213 290 4276; x_wconf 91' lang='lat' dir='ltr'>in</span> <span class='ocrx_word' id='word_1_366' title='bbox 310 4235 343 4279; x_wconf 80' lang='lat' dir='ltr'>v.</span> <span class='ocrx_word' id='word_1_367' title='bbox 364 4219 405 4280; x_wconf 87' lang='grc'>39</span> <span class='ocrx_word' id='word_1_368' title='bbox 424 4235 430 4281; x_wconf 92' lang='lat'>:</span> <span class='ocrx_word' id='word_1_369' title='bbox 448 4219 523 4301; x_wconf 92' lang='lat' dir='ltr'>post</span> <span class='ocrx_word' id='word_1_370' title='bbox 540 4226 570 4279; x_wconf 91' lang='lat' dir='ltr'>tc</span> <span class='ocrx_word' id='word_1_371' title='bbox 590 4219 781 4300; x_wconf 82' lang='lat' dir='ltr'>consurget</span> <span class='ocrx_word' id='word_1_372' title='bbox 798 4238 941 4304; x_wconf 76' lang='lat' dir='ltr'>repnnm</span> <span class='ocrx_word' id='word_1_373' title='bbox 955 4215 1055 4282; x_wconf 84' lang='lat' dir='ltr'>alind</span> <span class='ocrx_word' id='word_1_374' title='bbox 1067 4216 1181 4280; x_wconf 90' lang='lat' dir='ltr'>minus</span> <span class='ocrx_word' id='word_1_375' title='bbox 1198 4227 1228 4280; x_wconf 84' lang='lat' dir='ltr'>te</span> <span class='ocrx_word' id='word_1_376' title='bbox 1242 4214 1358 4302; x_wconf 74' lang='lat' dir='ltr'>(Per).</span> <span class='ocrx_word' id='word_1_377' title='bbox 1377 4219 1467 4281; x_wconf 78' lang='lat' dir='ltr'>Auro</span> <span class='ocrx_word' id='word_1_378' title='bbox 1482 4235 1574 4280; x_wconf 89' lang='lat' dir='ltr'>com·</span> 
     </span>
     <span class='ocr_line' id='line_1_36' title="bbox 257 4319 1572 4409; baseline 0.002 -27"><span class='ocrx_word' id='word_1_379' title='bbox 257 4322 411 4406; x_wconf 87' lang='lat' dir='ltr'>paratur,</span> <span class='ocrx_word' id='word_1_380' title='bbox 427 4321 476 4384; x_wconf 88' lang='lat' dir='ltr'>uti</span> <span class='ocrx_word' id='word_1_381' title='bbox 492 4320 561 4386; x_wconf 89' lang='lat' dir='ltr'>iam</span> <span class='ocrx_word' id='word_1_382' title='bbox 573 4319 665 4409; x_wconf 88' lang='lat' dir='ltr'>apud</span> <span class='ocrx_word' id='word_1_383' title='bbox 681 4321 858 4388; x_wconf 86' lang='lat' dir='ltr'>Ieremiam</span> <span class='ocrx_word' id='word_1_384' title='bbox 872 4322 1023 4408; x_wconf 81' lang='lat' dir='ltr'>legitur:</span> <span class='ocrx_word' id='word_1_385' title='bbox 1042 4321 1131 4386; x_wconf 82' lang='lat' dir='ltr'>calix</span> <span class='ocrx_word' id='word_1_386' title='bbox 1147 4343 1272 4385; x_wconf 84' lang='lat' dir='ltr'>aureus</span> <span class='ocrx_word' id='word_1_387' title='bbox 1286 4319 1440 4406; x_wconf 83' lang='lat' dir='ltr'>Babylon</span> <span class='ocrx_word' id='word_1_388' title='bbox 1451 4319 1572 4408; x_wconf 59' lang='lat' dir='ltr'>(bist),</span> 
     </span>
     <span class='ocr_line' id='line_1_37' title="bbox 257 4424 1576 4515; baseline 0.002 -29"><span class='ocrx_word' id='word_1_389' title='bbox 257 4447 325 4512; x_wconf 88' lang='lat' dir='ltr'>quc</span> <span class='ocrx_word' id='word_1_390' title='bbox 339 4424 510 4512; x_wconf 88' lang='lat' dir='ltr'>splendor,</span> <span class='ocrx_word' id='word_1_391' title='bbox 525 4448 620 4515; x_wconf 86' lang='lat' dir='ltr'>opes,</span> <span class='ocrx_word' id='word_1_392' title='bbox 639 4424 778 4493; x_wconf 90' lang='lat' dir='ltr'>divitiae</span> <span class='ocrx_word' id='word_1_393' title='bbox 796 4429 895 4513; x_wconf 79' lang='lat' dir='ltr'>regni</span> <span class='ocrx_word' id='word_1_394' title='bbox 911 4427 1147 4513; x_wconf 82' lang='lat' dir='ltr'>designantur.</span> <span class='ocrx_word' id='word_1_395' title='bbox 1170 4432 1279 4514; x_wconf 81' lang='lat' dir='ltr'>Atque</span> <span class='ocrx_word' id='word_1_396' title='bbox 1294 4426 1374 4492; x_wconf 86' lang='lat' dir='ltr'>satis</span> <span class='ocrx_word' id='word_1_397' title='bbox 1392 4432 1512 4492; x_wconf 87' lang='lat' dir='ltr'>notum</span> <span class='ocrx_word' id='word_1_398' title='bbox 1527 4429 1576 4492; x_wconf 86' lang='lat' dir='ltr'>est</span> 
     </span>
     <span class='ocr_line' id='line_1_38' title="bbox 256 4532 1575 4621; baseline 0.003 -29"><span class='ocrx_word' id='word_1_399' title='bbox 256 4535 289 4593; x_wconf 86' lang='lat' dir='ltr'>et</span> <span class='ocrx_word' id='word_1_400' title='bbox 320 4553 341 4595; x_wconf 87' lang='lat' dir='ltr'>a</span> <span class='ocrx_word' id='word_1_401' title='bbox 371 4552 487 4595; x_wconf 91' lang='lat' dir='ltr'>rerum</span> <span class='ocrx_word' id='word_1_402' title='bbox 516 4532 740 4621; x_wconf 87' lang='lat' dir='ltr'>scriptoribus</span> <span class='ocrx_word' id='word_1_403' title='bbox 765 4533 993 4612; x_wconf 88' lang='lat' dir='ltr'>celebratum,</span> <span class='ocrx_word' id='word_1_404' title='bbox 1017 4538 1229 4621; x_wconf 87' lang='lat' dir='ltr'>quantopere</span> <span class='ocrx_word' id='word_1_405' title='bbox 1262 4532 1575 4598; x_wconf 87' lang='lat' dir='ltr'>Nabuchodonosor</span> 
     </span>
     <span class='ocr_line' id='line_1_39' title="bbox 257 4635 1574 4726; baseline 0.002 -25"><span class='ocrx_word' id='word_1_406' title='bbox 257 4635 465 4723; x_wconf 84' lang='lat' dir='ltr'>Babylonem</span> <span class='ocrx_word' id='word_1_407' title='bbox 484 4636 652 4704; x_wconf 87' lang='lat' dir='ltr'>aedificiis</span> <span class='ocrx_word' id='word_1_408' title='bbox 676 4640 1026 4725; x_wconf 80' lang='lat' dir='ltr'>magnificentissimis</span> <span class='ocrx_word' id='word_1_409' title='bbox 1050 4661 1090 4705; x_wconf 90' lang='lat' dir='ltr'>ac</span> <span class='ocrx_word' id='word_1_410' title='bbox 1110 4639 1410 4726; x_wconf 88' lang='lat' dir='ltr'>sumptuosissimis</span> <span class='ocrx_word' id='word_1_411' title='bbox 1431 4660 1574 4704; x_wconf 83' lang='lat' dir='ltr'>exorna-</span> 
     </span>
     <span class='ocr_line' id='line_1_40' title="bbox 256 4743 1570 4835; baseline 0.002 -27"><span class='ocrx_word' id='word_1_412' title='bbox 256 4743 341 4809; x_wconf 80' lang='lat' dir='ltr'>verit</span> <span class='ocrx_word' id='word_1_413' title='bbox 352 4766 496 4832; x_wconf 89' lang='lat' dir='ltr'>eamque</span> <span class='ocrx_word' id='word_1_414' title='bbox 510 4745 715 4811; x_wconf 88' lang='lat' dir='ltr'>miraculum</span> <span class='ocrx_word' id='word_1_415' title='bbox 727 4750 759 4812; x_wconf 91' lang='lat' dir='ltr'>et</span> <span class='ocrx_word' id='word_1_416' title='bbox 772 4750 947 4835; x_wconf 90' lang='lat' dir='ltr'>stuporem</span> <span class='ocrx_word' id='word_1_417' title='bbox 957 4746 1114 4830; x_wconf 81' lang='lat' dir='ltr'>gentium</span> <span class='ocrx_word' id='word_1_418' title='bbox 1130 4744 1321 4811; x_wconf 90' lang='lat' dir='ltr'>reddiderit</span> <span class='ocrx_word' id='word_1_419' title='bbox 1331 4745 1388 4832; x_wconf 88' lang='lat' dir='ltr'>(cl.</span> <span class='ocrx_word' id='word_1_420' title='bbox 1400 4745 1487 4812; x_wconf 85' lang='lat' dir='ltr'>Tielc</span> <span class='ocrx_word' id='word_1_421' title='bbox 1499 4746 1523 4811; x_wconf 90' lang='lat' dir='ltr'>l.</span> <span class='ocrx_word' id='word_1_422' title='bbox 1539 4767 1570 4811; x_wconf 92' lang='lat' dir='ltr'>c.</span> 
     </span>
    </p>
   </div>
   <div class='ocr_carea' id='block_1_6' title="bbox 0 0 1783 5367">
    <p class='ocr_par' dir='ltr' id='par_1_6' title="bbox 0 0 1783 5367">
     <span class='ocr_line' id='line_1_41' title="bbox 0 0 1783 5367; baseline 0 0"><span class='ocrx_word' id='word_1_423' title='bbox 0 0 1783 5367; x_wconf 95' lang='lat' dir='ltr'> </span> 
     </span>
    </p>
   </div>
  </div>
 </body>
</html>
