3550 5367
1542 328 1694 386 DAN.
1742 330 1804 403 9,
1849 330 1929 387 24
2937 331 3053 391 233

420 480 579 539 1789
607 496 668 556 p.
698 478 818 537 484
848 478 1043 556 seq.);
1068 478 1539 539 hebdomadem
1567 479 1708 538 scil.
1736 483 2022 539 constare
2048 479 2180 540 vult
2213 479 2394 539 annis
2425 478 2646 539 decem
2673 485 2734 541 et
2761 497 2835 540 oo
2867 480 3055 540 modo

415 575 854 637 hebdomadas
877 576 1283 636 determinari
1310 580 1346 635 7
1386 581 1448 635 et
1476 578 1577 648 62,
1609 594 1799 637 unam
1827 581 2043 637 autem
2073 582 2359 637 constare
2383 577 2562 637 annis
2599 577 2694 636 70.
2723 578 3057 655 Computa-

419 675 665 734 tionem
689 691 839 733 vero
869 675 955 734 ita
981 674 1257 734 instituit
1283 679 1351 734 ut
1374 676 1451 734 62
1472 673 1909 736 hebdomades
1930 675 1976 734 i.
2004 693 2058 734 e.
2085 677 2204 736 620
2226 675 2373 735 anni
2394 676 2588 735 fluant
2614 693 2650 735 a
2671 676 2868 754 priori
2893 693 3056 736 anno

419 772 593 833 Darii
627 771 792 831 Medi
835 788 1034 849 usque
1066 771 1144 831 ad
1177 788 1411 832 annum
1455 789 1581 850 quo
1607 772 2030 851 Vespasianus
2076 791 2257 833 suam
2299 773 2361 833 in
2407 772 2674 834 Iudaeos
2712 772 3057 852 expeditio-

422 888 570 929 nem
595 869 892 947 suscepit.
926 869 1184 947 Septem
1214 874 1440 930 autem*
1467 869 1902 930 hebdomadas
1929 871 1972 930 i.
2003 887 2059 932 e.
2096 873 2174 931 70
2212 887 2409 932 annos
2439 875 2735 931 numerat
2761 890 2797 930 a
2832 875 3058 951 quarto

421 985 583 1028 anno
615 967 857 1028 Ioakim
888 985 1087 1044 usque
1134 967 1211 1027 ad
1255 968 1538 1045 primum
1580 984 1817 1029 annum
1847 970 2022 1046 Cyri;
2059 987 2168 1028 eos
2197 969 2430 1029 iterum
2460 968 2581 1028 alia
2609 970 2855 1029 ratione
2894 986 3061 1029 com-

423 1070 603 1143 putat
627 1066 714 1125 ab*
732 1082 897 1126 anno
918 1065 1260 1125 undecimo
1286 1065 1585 1126 Sedeciao
1616 1084 1816 1143 usque
1836 1065 1913 1127 ad
1934 1083 2171 1127 annum
2196 1067 2492 1145 quintum
2523 1066 2688 1127 Darii
2731 1067 3052 1145 Hystaspi;

424 1163 613 1224 tertio
659 1181 764 1223 eos
803 1166 1100 1224 numerat
1142 1163 1220 1223 ab
1266 1162 1387 1224 hoc
1429 1182 1595 1223 anno
1640 1182 1841 1242 usque
1881 1163 2034 1225 dum
2078 1165 2420 1225 Nehemias
2457 1164 2685 1226 urbem
2724 1165 3058 1225 moenibus
3160 1178 3170 1181 ·

424 1261 642 1321 cinxit.
679 1262 883 1321 Unam
910 1261 1167 1321 demum
1193 1261 1666 1322 hebdomadam
1698 1281 1889 1340 quam
1921 1262 1999 1323 ad
2032 1281 2235 1324 annos
2268 1265 2344 1323 70
2375 1262 2658 1322 extendit
2687 1264 2868 1340 ponit
2893 1263 3058 1322 intra

424 1376 735 1420 annorum
759 1360 880 1418 620
907 1358 1245 1437 periodum
1273 1377 1545 1436 eamque
1578 1377 1614 1419 a
1645 1360 1893 1420 Christo
1923 1367 2073 1421 nato
2101 1378 2302 1438 usque
2334 1360 2410 1419 ad
2446 1360 2670 1420 urbem
2698 1378 2734 1424 a
2760 1360 3058 1421 Romanis

426 1474 709 1518 eversam
739 1458 1016 1518 conficit.

503 1555 695 1615 Pauci
737 1572 812 1615 ex
855 1555 1318 1615 recentioribus
1363 1556 1863 1633 protestantibus
1902 1556 2063 1616 hanc
2101 1555 2588 1634 explicationem
2635 1556 2710 1616 de
2751 1572 3059 1616 annorum

422 1651 934 1712 hebdomadibus
962 1652 1259 1713 reiiciunt
1298 1657 1645 1714 statuentes
1674 1655 1777 1713 vel
1813 1654 1879 1713 in
1920 1655 2289 1715 universum
2320 1653 2526 1714 solum
2556 1654 2653 1732 agi
2685 1654 2762 1713 de
2796 1654 2872 1712 70
2901 1658 3060 1713 tem-

424 1766 653 1827 porum
687 1750 908 1828 spatiis
941 1767 1103 1828 quae
1149 1755 1470 1828 nequeant
1498 1751 1748 1811 definiri
1789 1752 1891 1812 vel
1930 1751 2395 1813 hebdomadam
2430 1751 2698 1829 intelligi
2739 1751 2818 1811 de
2859 1750 3062 1827 spatio

424 1847 616 1907 unius
667 1847 926 1908 iubilaei
972 1845 1310 1927 (Kliesotlz‚
1359 1850 1603 1927 Leyrer‚
1649 1849 1810 1928 Keil)
1851 1850 1949 1909 vel
1990 1852 2237 1927 septem
2281 1848 2710 1909 hebdomadas
2752 1852 3062 1926 ponentes

425 1949 572 2023 post
601 1946 679 2004 62
706 1945 784 2023 -l—
812 1947 841 2004 1
874 1962 1104 2023 easque
1150 1950 1396 2024 septem
1436 1947 1927 2023 interpretantes
1969 1945 2045 2007 de
2077 1947 2384 2024 temporis
2417 1947 2623 2024 spatio
2664 1946 2925 2006 definito
2954 1945 3056 2025 (cf.

425 2040 781 2121 Hosmann,
827 2040 1128 2117 Wieseler‚
1160 2044 1384 2104 Franc.
1418 2042 1727 2104 Deliczsclz
1768 2044 1833 2104 in
1864 2043 2479 2122 Realencyklopadie
2511 2044 2614 2103 fiir
2638 2046 2801 2122 prot.
2841 2043 3056 2103 Theol.

422 2145 461 2200 2
494 2140 595 2200 ed.
632 2142 713 2203 III
745 2159 807 2219 p.
842 2142 1006 2220 477).
1044 2142 1213 2213 Quae
1246 2142 1325 2201 ad
1358 2142 1695 2202 arbitrium
1728 2160 1867 2202 esse
1905 2142 2253 2220 excogitata
2282 2142 2607 2201 neminem
2635 2141 2813 2219 sugit.
2849 2142 3061 2210 Annos

425 2238 691 2299 iubilaei
721 2256 844 2298 non
880 2256 1065 2317 posse
1096 2239 1367 2318 intelligi
1404 2240 1530 2299 iam
1572 2258 1647 2300 eo
1678 2243 1853 2318 patet
1883 2241 2031 2317 quia
2062 2239 2624 2317 quinquagesimus
2658 2239 2924 2316 quisque
2955 2255 3061 2298 an-

424 2353 547 2395 nus
574 2342 707 2395 erat
741 2336 1087 2408 jubilaeus;
1114 2338 1245 2397 iam
1274 2354 1421 2397 vero
1455 2337 1601 2397 anni
1639 2340 1718 2399 50
1747 2355 1873 2397 non
1905 2341 2172 2415 possunt
2203 2336 2515 2414 designari
2548 2354 2814 2396 numero
2848 2341 3058 2412 septe-

424 2434 635 2508 nario;
666 2434 935 2512 proinde
981 2452 1109 2495 non
1142 2436 1346 2512 spatia
1383 2452 1694 2496 annorum
1732 2438 1813 2495 50
1852 2438 2062 2495 essent
2106 2434 2468 2504 statuenda,
2497 2433 2608 2494 sed
2648 2434 2861 2512 potius
2892 2431 3061 2510 quod

426 2531 575 2590 aliis
619 2532 856 2610 placuit
900 2550 1204 2594 numerus
1249 2533 1593 2611 quadratus
1636 2534 1676 2592 i.
1724 2551 1782 2592 e.
1823 2535 1902 2593 49
1962 2534 2145 2604 anni;
2189 2549 2409 2594 verum
2454 2532 2595 2591 talis
2636 2548 2946 2591 annorum
2984 2533 3060 2590 49

425 2631 821 2706 computatio
847 2628 1105 2692 Iudaeis
1136 2637 1272 2690 erat
1296 2631 1537 2709 pariter
1559 2631 1884 2709 incognita
1907 2647 2114 2708 neque
2146 2630 2275 2690 ullo
2306 2634 2490 2708 pacto
2517 2647 2592 2690 ex
2621 2630 2826 2690 verbis
2852 2627 3063 2707 angeli

426 2726 645 2804 colligi
677 2732 886 2805 potest
916 2728 1343 2805 septimanam
1374 2746 1512 2789 esse
1542 2729 2030 2806 concipiendam
2062 2728 2139 2788 de
2168 2728 2245 2787 49
2277 2728 2478 2788 annis.
2512 2762 2592 2772 --
2620 2728 2902 2787 Primum
2935 2726 3062 2786 fere

424 2824 767 2902 vestigium
802 2842 931 2902 quo
966 2826 1109 2904 quis
1142 2826 1501 2886 existimare
1533 2827 1734 2906 possit
1763 2826 1840 2884 70
1872 2824 2306 2887 hebdomadas
2340 2826 2536 2887 modo
2573 2824 3070 2894 indeterminato⁸

428 2938 572 2981 esse
603 2907 966 3000 conceptaS,
996 2924 1171 2983 cerni
1201 2927 1409 3001 potest
1448 2923 1512 2982 in
1556 2921 2113 3001 pseudepigrapho
2145 2923 2307 2983 libro
2338 2922 2628 2994 Henoch,
2665 2923 2728 2982 in
2758 2939 2883 2998 quo
2916 2937 3060 2998 sep-

432 3020 715 3097 tuaginta
742 3021 1100 3097 pastoribus
1130 3026 1419 3100 tempora
1449 3021 1852 3101 assignantur
1882 3020 2286 3097 septuaginta
2318 3024 2379 3079 et
2413 3023 2623 3080 totum
2653 3018 2877 3078 mundi
2903 3022 3062 3077 tem-

425 3134 551 3195 pus
578 3116 655 3176 ab
679 3117 879 3177 Adam
904 3135 1107 3195 usque
1136 3118 1214 3178 ad
1262 3118 1560 3179 ultimum
1592 3118 1904 3179 iudicium
1944 3112 2620 3177 decem'hebdomadis
2650 3116 3063 3193 comprehen-

427 3213 603 3274 ditur
629 3218 821 3292 atque
851 3215 1230 3277 describitur
1259 3214 1364 3294 (cf.
1397 3214 1616 3275 Fraidl
1645 3234 1707 3294 p.
1738 3215 1963 3293 11-15).

522 3438 722 3504 Hebr.
757 3438 1032 3527 proprie
1068 3459 1082 3506 :
1122 3436 1591 3504 hebdomades
1623 3444 1709 3502 70
1750 3436 2079 3502 abscissae
2103 3448 2294 3518 sant,
2326 3438 2422 3502 ita
2454 3441 2529 3501 ut
2558 3427 3060 3524 extemporum

426 3546 650 3634 spatio
689 3546 860 3611 haec
899 3546 1096 3632 quasi
1124 3566 1284 3634 pars
1312 3544 1418 3610 vel
1451 3544 1682 3635 portio
1723 3544 1991 3611 dicatur
2021 3543 2339 3624 abscissa,
2372 3565 2586 3632 quare
2611 3542 3064 3609 communiter

428 3659 775 3749 explicant
824 3681 839 3726 ε
902 3659 1255 3740 definitae,
1291 3664 1614 3741 statutae,
1661 3660 1834 3726 fixae
1880 3665 2057 3725 sunt.
2101 3660 2466 3726 Theodotio
2522 3660 2725 3724 vertit
2765 3654 3063 3745 συνετμτζ-

428 3772 666 3855 emo-m,
709 3779 776 3841 et
810 3775 1103 3865 explicat
1143 3797 1378 3842 vocem
1426 3775 1669 3842 Tleeod.
1706 3763 2195 3863 ἐδοκιμάσθησαν
2225 3770 2326 3837 καὶ
2364 3770 2679 3863 ἐκρίθησαν
2715 3778 2780 3841 et
2824 3772 3067 3839 ultima

427 3904 599 3948 voce
635 3887 925 3948 utuntur
964 3886 1149 3949 LXX.
1185 3881 1436 3948 Eodem
1468 3882 1672 3948 modo
1716 3882 1980 3973 explica
2016 3881 2441 3950 abbreviatae
2477 3895 2670 3963 sant,
2703 3880 2896 3970 quasi
2926 3880 3065 3944 exi-

431 4009 651 4074 guum
682 3986 962 4076 aliquod
988 3992 1259 4077 tempus
1285 3987 1557 4054 dicatur
1583 3988 1768 4077 quod
1802 4010 1882 4054 ex
1910 3988 2116 4076 longo
2143 3989 2364 4080 spatio
2396 3989 2737 4078 reliquum
2765 3986 2852 4051 sit
2883 3986 3060 4074 (Per.

429 4097 669 4161 Sanct.
700 4094 852 4159 sim.
884 4096 1053 4183 Lap.
1097 4096 1149 4159 T
1145 4094 1297 4181 2’1·.);
1331 4094 1619 4184 proinde
1651 4117 1789 4162 non
1826 4102 1923 4160 est
1951 4095 2452 4184 explicandum,
2485 4102 2560 4159 ut
2583 4094 2799 4182 aliqui
2836 4091 3065 4158 volue-

427 4206 630 4283 runt,
672 4200 868 4289 quasi
914 4200 1025 4265 hic
1056 4199 1327 4266 dicatur
1364 4201 1450 4265 ad
1485 4223 1721 4289 preces
1764 4202 2059 4266 Danielis
2101 4201 2529 4289 aliorumque
2565 4199 3064 4290 prophetarum

431 4311 646 4373 Deum
683 4306 884 4372 citius
921 4328 1130 4395 quam
1171 4314 1371 4373 antea
1406 4307 1753 4372 decretum
1787 4307 2010 4373 fuerat
2047 4308 2346 4373 Messiam
2389 4306 2678 4385 misisse,
2712 4327 2921 4393 quam
2951 4328 3064 4370 ex-

428 4413 878 4502 plicationem
907 4414 1020 4479 hic
1051 4413 1448 4504 improbant
1477 4415 1711 4481 Sanct.
1746 4417 1917 4504 Lap.
1967 4415 2019 4478 T
2017 4413 2135 4494 ita,
2164 4414 2473 4501 quamvis
2502 4415 2762 4480 Suarez
2795 4419 3065 4477 censeat

424 4521 786 4613 ⁸Danielem
816 4521 956 4586 suis
985 4520 1301 4610 precibus
1342 4520 1734 4602 obtinuisse,
1775 4528 1853 4586 ut
1888 4525 2160 4607 tempus
2190 4520 2680 4608 redemptionis
2708 4541 2849 4586 non
2886 4520 3066 4584 ultra

437 4633 522 4692 70
553 4624 1027 4693 hebdomadas
1065 4625 1457 4693 differretur
1488 4626 1588 4716 (in
1623 4630 1710 4693 111
1749 4632 2018 4716 partem
2060 4631 2125 4692 S.
2169 4624 2462 4692 'l'homae
2503 4649 2618 4715 qu.
2655 4634 2727 4708 2;
2767 4625 2942 4714 disp.
2983 4631 3062 4690 10

436 4738 604 4800 sect.
646 4733 741 4822 6).
781 4738 1012 4825 Neque
1061 4732 1490 4799 abbreviatae
1519 4748 1678 4799 sunt
1705 4734 1862 4801 ideo
1908 4734 2157 4801 dicitur
2187 4732 2366 4823 quod
2395 4756 2530 4799 non
2575 4735 2738 4799 anni
2777 4732 3060 4809 solareS,
