3550 5367
246 324 306 384 350
793 328 870 386 111111.
895 328 944 398 11,
968 329 1006 386 22

245 474 317 556 cio,
343 474 380 540 in
402 474 498 540 cuius
512 474 626 540 medio
640 474 744 566 turris
756 483 885 564 septem
901 475 1009 563 (octot
1029 474 1121 565 apud
1136 474 1276 565 Herod.)
1295 477 1565 562 contignationi-

245 578 309 646 bus
333 585 524 647 oonstructa
541 580 730 659 eminebat;
756 582 791 647 in
815 582 888 671 ipsa
899 603 1032 649 summa
1046 589 1145 670 parte
1159 582 1263 649 turris
1278 583 1464 650 sacrarium
1485 587 1565 649 erat

244 705 324 752 cum
343 685 432 756 lecto
451 692 484 752 et
497 707 614 754 mensa
626 686 815 754 secuudum
834 687 1059 771 Herodotum
1075 686 1133 753 sed
1146 691 1327 776 praeterea
1340 687 1435 754 aliud
1449 693 1563 756 exsta-

244 789 303 857 bat
326 793 515 860 sacrarium
534 813 612 858 cum
624 793 807 862 simulacro
818 793 872 860 dei
888 805 923 860 et
933 793 1059 860 throno
1069 798 1103 859 et
1117 815 1233 862 mensa
1247 799 1280 860 et
1293 792 1430 860 duobus
1442 791 1565 860 altari·

243 897 307 964 bus
326 897 418 988 quod
442 899 630 968 sacrarium
653 899 910 967 existimabatur
936 901 1171 990 praecipuum.
1195 903 1265 966 iloe
1295 901 1411 988 itaque
1439 899 1563 967 Daniel

243 1003 446 1071 destruxisse
465 1005 657 1074 censendus
667 1010 728 1076 est.
743 1005 841 1096 Apud
854 1009 931 1072 ixx
947 1029 1028 1096 pars
1045 1006 1105 1072 illa
1124 1028 1193 1095 qua
1207 1005 1338 1073 idolum
1356 1011 1430 1074 erat
1449 1005 1564 1072 collo-

216 1112 220 1121 '
243 1125 356 1185 catum
371 1124 512 1186 vocatur
528 1107 703 1200 titulatum
721 1127 833 1192 totum
853 1127 967 1188 autem
983 1120 1178 1188 aedificium
1196 1144 1264 1210 quo
1279 1122 1384 1188 etiam
1397 1121 1563 1188 sacerdo-

242 1240 316 1300 tum
341 1234 514 1302 domicilia
538 1236 802 1303 continebantur
824 1237 1021 1332 appellatur
1034 1233 1150 1306 Binan
1173 1235 1230 1323 (cf.
1248 1259 1280 1302 1.
1300 1236 1445 1325 111.11);
1469 1235 1562 1303 illud

243 1341 359 1407 Daniel
370 1340 732 1408 destruxitsecundum
745 1342 1026 1412 Theodotiouem.
1042 1342 1139 1434 Apud
1150 1346 1230 1409 ixx
1240 1341 1562 1409 eiusdestructionis

242 1469 308 1513 non
324 1445 362 1513 iit
376 1449 515 1515 mentio.

716 1635 742 1706 ὁ)
761 1639 870 1692 Draco
893 1639 945 1706 14,
964 1637 1080 1690 2242.

286 1807 463 1892 Serpentes
482 1803 573 1894 apud
590 1804 795 1892 Babylonios
810 1825 880 1870 esse
898 1804 1055 1890 religiose
1070 1805 1177 1872 cultos
1195 1804 1306 1895 aliqui
1317 1805 1404 1876 iuter
1424 1805 1561 1895 opinio·

242 1929 301 1976 nes
324 1909 491 1977 absurdas
513 1910 703 1978 reiecerunt
719 1911 917 2000 (retinete,
941 1909 1452 2002 Vutlee).ntplanei1nmarito;
1475 1933 1557 1978 eum

241 2017 332 2082 enim
348 2017 477 2084 cultum
492 2017 585 2107 apud
600 2015 803 2106 Babylonios
816 2019 978 2084 exstitisse
994 2016 1315 2104 investigationibus
1326 2019 1558 2090 recentiorum

240 2124 456 2191 manifestum
475 2125 591 2192 evasit.
609 2129 659 2191 lta
679 2125 830 2192 affirmat
848 2123 1022 2193 Schrader·
1035 2125 1106 2190 sine
1125 2123 1195 2190 ulla
1214 2125 1346 2191 ratione
1360 2126 1463 2190 istum
1479 2125 1560 2196 cul·

238 2233 310 2296 tum
325 2230 416 2319 apud
431 2229 636 2317 Babylonios
651 2231 694 2298 ab
705 2229 878 2319 aliquibus
886 2231 922 2297 in
937 2230 1083 2298 dubium
1095 2231 1209 2297 vocari
1221 2229 1280 2319 (cf.
1293 2231 1429 2311 Riehm,
1440 2231 1558 2297 Hand-

238 2335 475 2403 woertcrbuch
494 2337 552 2403 des
573 2337 658 2404 bibl.
675 2338 820 2404 Alterth.
841 2359 877 2426 p.
902 2337 1001 2426 288);
1024 2358 1163 2425 serpens
1182 2359 1291 2403 anum
1306 2344 1379 2404 erat
1393 2360 1434 2404 er
1450 2359 1557 2426 prae-

237 2442 344 2532 cipuis
367 2443 559 2528 insignibus
575 2442 630 2509 dei
650 2441 846 2530 babylonici
870 2444 959 2510 ilea¹
982 2443 1046 2529 (vel
1066 2436 1123 2529 Ea)
1145 2447 1180 2510 et
1193 2465 1282 2532 quae
1295 2443 1460 2530 leguntur
1473 2447 1553 2510 Bar.

238 2552 316 2629 sis
336 2570 343 2615 :
359 2549 464 2615 corda
484 2571 601 2615 eorum
617 2549 734 2615 dicunt
751 2549 904 2636 elingere
920 2554 1135 2639 serpentes..
1157 2551 1363 2615 Lenormant
1379 2547 1474 2616 haud
1487 2549 1557 2616 im-

236 2652 463 2743 probabiliter
477 2656 525 2721 ita
539 2655 677 2744 accipit,
690 2662 727 2721 ut
742 2676 851 2721 sermo
866 2656 910 2722 sit
923 2654 967 2721 de
978 2656 1193 2745 serpentibus
1202 2655 1239 2721 in
1258 2655 1402 2724 deorum
1415 2656 1557 2746 templis

238 2760 373 2827 nutritis
386 2760 483 2849 qnasi
503 2759 748 2850 interpretibus
766 2762 909 2828 deorum
923 2784 945 2828 a
962 2760 1089 2850 quibus
1107 2762 1246 2830 oracula
1261 2760 1368 2851 petita
1382 2761 1460 2828 sint.
1477 2765 1556 2828 Ser

236 2887 320 2955 pens
346 2867 538 2954 symbolum
563 2873 636 2934 erat
656 2869 757 2950 vitae,
783 2867 978 2955 symbolum
1007 2890 1143 2958 qnoque
1172 2868 1348 2950 scientiae;
1374 2868 1490 2933 ferunt
1515 2868 1556 2934 in

237 2971 366 3058 hymno
384 2974 552 3061 assyriaco
570 2974 629 3063 qui
648 2995 687 3040 ex
703 2973 859 3041 accadico
877 2975 1060 3047 translatus
1084 2982 1132 3040 est
1150 2973 1225 3040 fieri
1249 2974 1456 3040 mentionem
1477 2972 1555 3040 cul·

235 3085 289 3144 tus
309 3081 368 3168 qui
383 3081 530 3170 serpenti
554 3085 684 3170 septem
709 3081 880 3169 capitibus
904 3080 1057 3170 praedito
1076 3081 1251 3170 impensus
1265 3078 1307 3146 sit
1324 3078 1381 3169 (cl.
1407 3079 1553 3160 Schola,

236 3185 491 3253 Goetzendienst
503 3210 539 3277 p.
558 3193 633 3254 370.
661 3186 750 3276 iot).
769 3187 932 3253 Diodorus
946 3209 1082 3276 quoque
1097 3186 1223 3252 siculus
1239 3190 1356 3254 narrat
1373 3186 1409 3250 in
1423 3186 1554 3274 templo

234 3291 304 3357 Beli
320 3299 398 3359 ante
419 3293 535 3359 sedem
556 3297 589 3360 et
604 3293 767 3361 thronum
791 3292 891 3360 Bellis
915 3293 1085 3380 imagines
1108 3292 1288 3359 collocatas
1306 3314 1375 3358 esse
1400 3291 1553 3358 duorum

235 3399 442 3489 serpentium
457 3399 647 3486 ingentium
659 3399 741 3490 (29)
754 3420 760 3480 ;
775 3402 809 3466 in
826 3400 947 3486 sigillis
962 3399 1175 3485 babylonicis
1189 3399 1387 3489 frequenter
1400 3399 1554 3466 cernitur

234 3507 401 3594 serpentis
419 3507 534 3593 imago
559 3507 762 3591 (Hawlinson
781 3507 805 3573 l.
831 3530 860 3574 e.
878 3511 904 3573 ll
924 3530 959 3596 p.
985 3511 1057 3594 15);
1075 3513 1192 3573 notum
1212 3527 1347 3596 quoque
1367 3510 1417 3571 est
1437 3527 1553 3594 quan-

234 3617 349 3700 topere
363 3612 453 3702 apud
469 3614 651 3703 Aegyptios
666 3619 699 3680 et
709 3614 894 3680 Phoenices
903 3614 992 3680 inter
1006 3613 1169 3680 animalia
1178 3635 1276 3680 saera
1290 3618 1322 3677 et
1332 3610 1426 3678 cultu
1441 3611 1553 3696 digna

235 3726 523 3786 connumerentur
536 3726 709 3809 serpentes
731 3719 869 3808 (Schola
881 3721 905 3785 l.
923 3742 953 3786 c.
969 3742 1003 3809 p.
1017 3726 1072 3786 25.
1092 3717 1180 3807 1012).
1222 3718 1228 3726 ⁴

280 3833 387 3904 Quare
402 3827 490 3893 nihil
509 3831 558 3893 est
577 3825 668 3918 quod
687 3827 763 3892 iure
785 3826 888 3892 obiici
909 3826 1014 3916 possit
1041 3825 1233 3892 narrationi
1254 3848 1286 3890 v,
1310 3830 1353 3890 22
1371 3851 1388 3884 u
1408 3825 1454 3889 Et
1476 3837 1554 3890 erat

233 3931 336 3999 draeo
352 3956 496 4024 1111911111
509 3933 545 4000 in
559 3933 630 4000 loco
644 3932 702 4000 illo
714 3946 747 4000 et
764 3932 918 4000 colebant
933 3955 1011 4000 111111
1026 3931 1211 4021 Babylonii
1214 3952 1269 4013 ;v.
1287 3937 1328 3997 23
1345 3942 1377 3996 et
1390 3928 1552 3996 disitreae

264 4213 284 4255 1.
302 4210 469 4266 iiawiinson,
485 4208 545 4258 Five
559 4208 718 4258 Monarcbies
732 4211 743 4259 1
758 4223 782 4273 p.
801 4213 844 4258 121
858 4227 864 4258 :
877 4229 889 4252 n
901 4209 1009 4258 another
1022 4207 1052 4257 ot
1060 4207 1100 4256 bis
1111 4205 1234 4257 emblems
1245 4204 1267 4256 is
1280 4203 1322 4254 tho
1334 4207 1449 4267 51111111,
1461 4203 1551 4255 which

230 4286 347 4350 occupies
362 4302 391 4337 so
405 4287 574 4353 conspicuous
588 4303 603 4338 a
619 4287 689 4353 place
702 4303 794 4354 arnong
808 4291 852 4339 tire
866 4288 982 4354 symbols
995 4288 1025 4337 ot
1037 4288 1080 4338 the
1094 4287 1158 4350 gods
1172 4300 1206 4336 on
1218 4287 1262 4335 tbc
1274 4283 1346 4334 blank
1360 4287 1447 4334 stenes
1460 4297 1551 4334 recor-

230 4365 289 4430 ding
304 4365 477 4418 benefactions
491 4367 541 4418 and
556 4369 640 4420 wbicb
655 4371 800 4419 sometimes
815 4383 923 4434 appears
938 4383 1005 4432 upon
1020 4368 1063 4418 the
1077 4366 1207 4431 cylinders
1220 4382 1243 4415 1.
1255 4367 1388 4414 Praeterea
1401 4361 1435 4412 cl.
1447 4366 1549 4414 tenor·

232 4451 321 4503 11111111,
335 4449 370 4496 La
381 4447 525 4498 divination
538 4449 597 4498 chor.
609 4447 645 4498 les
657 4448 798 4499 Obsidione
812 4463 834 4512 p.
849 4453 893 4508 89;
906 4450 1028 4499 Deluttre
1039 4448 1056 4496 1.
1069 4463 1091 4497 c.
1108 4461 1132 4510 p.
1149 4451 1192 4505 563
1210 4447 1364 4508 Viqouroux
1375 4441 1392 4492 1.
1408 4457 1430 4492 c.
1443 4455 1469 4506 p.
1484 4447 1548 4500 19ος

233 4527 364 4590 Gornely,
383 4527 479 4577 introd.
496 4529 518 4577 11
534 4535 548 4578 2
562 4543 586 4592 p.
603 4533 658 4580 513.
674 4532 707 4579 nt
724 4530 860 4592 Homerici,
876 4527 1027 4578 Gescbicbte
1045 4525 1216 4590 Babyloniam
1230 4524 1284 4574 und
1297 4523 1443 4586 Assyrieus,
1459 4522 1549 4573 Berlin

234 4611 293 4657 1885
308 4621 334 4670 p.
351 4610 394 4657 711
410 4605 484 4658 affert
499 4607 691 4672 inscriptionem
705 4609 832 4674 quandam
847 4606 986 4670 Neriglisar
998 4621 1050 4672 qua
1063 4606 1127 4656 dicit
1142 4624 1148 4656 :
1166 4605 1236 4656 erexi
1254 4608 1350 4670 septem
1363 4603 1478 4666 ingentes
1489 4615 1549 4654 aer-

232 4691 320 4751 pontes
333 4701 420 4743 aereas
435 4702 501 4751 quae
515 4688 638 4738 adversus
655 4690 739 4740 hostes
752 4693 778 4739 ct
796 4689 914 4738 inimicos
928 4701 1055 4739 vencnum
1069 4685 1174 4738 1111111111
1190 4684 1367 4744 mortiterum
1383 4697 1425 4734 eas
1438 4687 1551 4746 argento

231 4781 296 4832 puro
308 4767 404 4819 obduxi
419 4771 443 4818 et
456 4767 576 4818 collocavi
590 4768 622 4818 ad
636 4772 736 4832 porum
750 4767 900 4820 orientalem
914 4789 937 4818 1.
