3550 5367
201 307 258 367 188
757 306 833 366 Dan.
859 309 895 379 Ἰ(
913 308 962 365 li

199 462 272 533 tum
289 454 530 540 gravissimum
549 476 556 521 :
578 476 687 539 regna
709 425 774 521 illaf
785 476 824 522 ex
842 454 1025 522 Alexandri
1041 454 1243 521 monarchia
1261 458 1377 519 exorta
1391 452 1515 541 depin-

198 567 329 647 guntur
346 560 383 626 in
398 560 527 626 visione
542 566 600 642 7‚6
616 561 652 626 in
666 566 830 650 quattuor
850 561 1021 651 capitibus
1040 583 1128 650 quae
1143 560 1271 626 suntin
1288 560 1391 625 tertia
1407 558 1514 625 bestia

198 673 231 732 et
248 672 305 748 8,8
326 667 361 732 iu
383 672 544 756 quattuor
570 666 731 734 cornibus
754 668 863 748 hirci,
891 690 978 757 quae
999 688 1106 733 cornu
1128 668 1241 756 primo
1269 665 1378 731 fracto
1400 672 1516 731 exorta

198 778 286 851 sunt,
305 772 339 839 id
353 771 447 861 quod
460 772 550 839 clare
565 773 748 861 exponitur
761 780 842 856 832
859 796 867 841 :
885 780 1049 863 quattuor
1062 794 1162 859 reges
1175 771 1218 837 de
1232 776 1334 858 gente
1349 772 1419 837 eius
1431 792 1514 837 con-

19 885 22 894 '
133 956 140 979 l
196 883 348 966 surgent.
368 882 471 944 Porro
489 879 526 944 in
546 880 662 965 regnis
680 879 747 945 illis
767 884 931 969 quattuor
940 902 1015 945 'non
1029 884 1169 969 possunt
1191 878 1285 944 cerni
1302 876 1423 943 decem
1438 898 1512 943 cor-

197 1004 281 1063 nua3
299 984 378 1050 dein
396 982 490 1051 nullo
505 991 605 1073 pacto
620 990 730 1074 potest
749 986 897 1075 supponi
916 984 1089 1052 Danielem
1110 984 1252 1081 bestiam
1277 1004 1381 1071 quam
1396 1004 1470 1072 cap.
1492 991 1512 1048 7

196 1090 282 1157 adeo
298 1090 486 1157 terribilem
506 1090 672 1175 exhibuit,
691 1097 730 1158 ut
749 1090 835 1157 nulli
856 1092 917 1158 alii
936 1092 1039 1181 possit
1054 1092 1247 1180 comparari
1266 1094 1299 1155 et
1316 1110 1453 1178 prorsus
1472 1089 1513 1155 sit

197 1197 381 1280 dissimilis,
405 1219 498 1263 nuno
521 1220 596 1287 cap.
618 1204 638 1263 8
662 1198 761 1264 hirco
780 1203 813 1265 ct
838 1203 1001 1287 quattuor
1024 1197 1184 1264 cornibus
1204 1198 1291 1262 velle
1308 1197 1509 1285 exprimere.

196 1307 311 1392 Neque
327 1325 435 1369 cornu
452 1303 538 1370 illud
556 1303 779 1379 undecimum
795 1326 871 1393 cap.
891 1312 911 1370 7
926 1302 997 1370 ullo
1012 1302 1118 1370 modo-
1134 1302 1226 1369 idem
1242 1308 1291 1369 est
1307 1324 1386 1369 cum
1406 1323 1511 1368 cornu

196 1416 272 1493 8,tl;
301 1432 381 1475 nam
410 1408 496 1475 illud
520 1408 642 1476 crescit
659 1410 749 1477 inter
769 1410 901 1493 decem,
927 1410 992 1477 hoc
1014 1414 1129 1477 autem
1150 1428 1218 1475 non
1240 1408 1328 1477 inter
1352 1412 1514 1497 quattuor

196 1514 318 1581 sodex
340 1537 408 1582 uno
431 1515 569 1582 illorum
597 1521 759 1605 quattuor
777 1517 937 1597 exoritur,
958 1517 1005 1581 ita
1030 1520 1069 1582 ut
1092 1536 1199 1581 unum
1226 1536 1335 1581 cornu
1358 1514 1455 1603 quasi
1477 1515 1512 1579 in

196 1620 282 1687 duos
301 1643 413 1687 ramos
439 1618 579 1688 demum
599 1620 783 1689 disddatur.
806 1624 889 1690 Dein
911 1621 1078 1689 iudicium
1095 1623 1130 1688 in
1155 1642 1263 1688 cornu
1280 1643 1354 1711 cap.
1375 1628 1394 1685 'l
1412 1620 1513 1711 plane

196 1728 296 1793 aliter
314 1728 496 1795 exhibetur
519 1749 625 1817 quam
644 1727 829 1796 destructio
848 1729 941 1795 illius
960 1748 1068 1797 cornu
1088 1750 1163 1818 cap.
1180 1735 1218 1811 83
1238 1727 1317 1794 vide
1341 1732 1433 1806 8‚·25.
1451 1730 1513 1792 Ve—

196 1854 274 1899 rum
301 1834 387 1900 haec
407 1838 440 1899 et
461 1834 529 1900 alia
558 1834 634 1924 ipsa
659 1836 811 1923 capitum
830 1834 1073 1924 explanatione
1094 1834 1205 1921 magis
1227 1834 1433 1901 illucescent.
1452 1834 1512 1899 llic

195 1941 276 2006 satis
290 1943 339 2005 est
358 1938 558 2027 indigitasse
573 1940 618 2007 ad
633 1941 718 2030 quid
739 1942 882 2007 attentio
907 1940 1179 2029 insequentibus
1197 1940 1328 2007 feratur
1345 1944 1510 2029 oporteat.

196 2048 280 2111 Rem
293 2045 442 2112 dilucide
462 2068 598 2137 quoque
611 2047 750 2136 exponit
765 2050 806 2113 D.
825 2070 860 2137 p.
883 2054 945 2113 107
961 2069 1031 2136 seq.

518 2278 546 2347 a)
566 2282 659 2333 visio
679 2284 841 2345 quattuor
860 2282 1047 2333 bestiarum
1065 2282 1098 2347 7,
1121 2280 1188 2332 1-8.

240 2476 310 2547 Quo
324 2472 399 2537 iure
411 2472 589 2552 baltassar,
602 2471 882 2551 liliusNabonidi,
901 2494 959 2539 rex
969 2472 1036 2539 dici
1046 2474 1161 2562 possit,
1179 2472 1258 2539 vide
1268 2492 1371 2562 supra
1382 2495 1415 2561 p.
1431 2479 1506 2539 157.

195 2580 276 2643 Cum
291 2576 406 2643 adhuc
420 2582 524 2644 staret
539 2600 683 2664 regnum
700 2578 959 2665 babylonicum,
974 2601 1043 2668 quo
1061 2579 1250 2646 theocratia
1263 2584 1312 2645 est
1324 2578 1506 2659 destructa,

194 2682 384 2749 ostenditur
402 2685 532 2751 Danieli
551 2707 621 2751 non
641 2684 751 2751 solum
769 2686 834 2751 hoc
851 2707 1016 2772 regnum,
1038 2686 1098 2753 sed
1119 2685 1253 2778 reliqua
1272 2708 1407 2775 quoque
1421 2706 1509 2775 quae

194 2791 230 2855 in
243 2788 362 2867 orbem
377 2789 597 2858 dominatura
609 2792 677 2857 sint
689 2813 759 2858 esse
773 2791 956 2859 interitura
969 2796 1002 2859 ot
1017 2814 1163 2879 regnum
1179 2794 1236 2859 Dei
1250 2794 1295 2858 iri
1309 2795 1461 2859 erectum
1475 2798 1508 2857 el

194 2897 265 2962 fore
288 2896 475 2983 gloriosum
489 2898 525 2962 in
540 2904 730 2965 aeternum.
747 2899 799 2965 Uti
815 2904 917 2965 antea
934 2900 1065 2967 somnio
1084 2898 1399 2966 Nabuchodonosor
1419 2899 1510 2984 regis

194 3024 271 3069 eam
285 3004 416 3093 accepit
429 3005 466 3069 in
482 3006 583 3071 ruina
596 3004 805 3071 theocratiae
820 3006 1104 3087 consolationem,
1120 3006 1168 3071 ita
1186 3027 1278 3072 nunc
1293 3004 1413 3071 eadem
1429 3026 1510 3071 oon-

193 3110 314 3177 solatio
333 3111 436 3177 etiam
453 3110 620 3204 ampliore
637 3111 793 3178 doctrina
812 3112 878 3201 ipsi
891 3113 1076 3201 praebetur
1090 3112 1219 3178 visione
1235 3120 1268 3178 et
1280 3111 1509 3179 declaratione

193 3216 237 3282 ab
253 3215 377 3303 angelo
391 3217 497 3299 lacta;
515 3240 548 3283 v.
569 3225 585 3284 1
604 3244 620 3279 «
637 3220 736 3285 Anno
750 3218 866 3307 primo
883 3219 1058 3286 Baltassar
1077 3220 1165 3308 repis
1183 3217 1367 3307 Babylonis
1388 3218 1511 3285 Daniel

192 3322 361 3388 sommam
374 3322 475 3402 vidia
490 3324 571 3389 visio
584 3337 699 3391 utitem
712 3325 834 3414 cupitis
849 3325 923 3391 eius
936 3326 973 3391 in
986 3324 1091 3393 arabili
1102 3348 1162 3391 suo
1169 3378 1179 3409 ,
1198 3338 1231 3391 et
1241 3324 1411 3391 somai'um
1425 3325 1507 3391 scri-

194 3428 272 3494 bens
292 3428 386 3495 breui
401 3450 555 3495 sannone
575 3430 845 3519 coaiprelcendit,
870 3433 1135 3521 srcacocutimque
1154 3432 1380 3521 perstriaqen's
1401 3432 1452 3498 ait
1469 3452 1503 3509 »ς

192 3536 278 3600 -in
288 3541 381 3602 textu
399 3557 406 3602 ε
425 3531 457 3601 et
470 3547 551 3601 tuac
564 3537 700 3625 scripsit
707 3539 897 3621 sostenium
908 3560 1078 3604 summam
1092 3560 1207 3605 reram
1215 3538 1363 3629 (proprie
1381 3560 1388 3606 :
1407 3542 1507 3629 caput

192 3641 389 3729 verborum)
410 3640 500 3708 dicit
516 3643 570 3708 vel
588 3645 761 3726 narravit;
778 3644 871 3710 unde
891 3643 985 3710 vides
1007 3648 1042 3711 S.
1066 3646 1159 3711 Hier.
1181 3666 1289 3711 unum
1311 3644 1505 3711 membrum

192 3748 357 3837 ampliore
380 3749 588 3837 expositione
614 3750 824 3833 reddidisse;
852 3751 997 3817 visiones
1015 3750 1136 3840 capitis
1157 3750 1201 3818 cf.
1228 3758 1265 3835 2,
1292 3757 1346 3818 28.
1371 3756 1506 3817 Annum

193 3856 344 3943 primum
356 3856 524 3922 Daltassar
537 3856 760 3945 probabiliter
771 3879 842 3923 esse
858 3878 986 3925 annum
999 3857 1243 3925 duodecimum
1260 3856 1428 3925 Nabonidi
1438 3858 1461 3923 i.
1476 3878 1505 3922 a.

192 3969 258 4031 sta
278 3986 309 4029 a.
329 3965 390 4032 Ch.
409 3965 627 4030 Strassmaier
644 3964 825 4031 existimat.
843 3967 929 4031 Nota
948 3987 1084 4054 quoque
1104 3965 1323 4054 scriptionem
1341 3964 1506 4031 narratio-

191 4091 339 4159 nemque
354 4071 477 4137 somnii
491 4071 646 4160 explicite
660 4069 707 4137 ad
720 4071 893 4137 Danielem
910 4072 1046 4155 reterri,
1064 4071 1135 4138 scil.
1154 4093 1194 4137 eo
1208 4070 1281 4161 ipso
1295 4071 1388 4161 quod
1402 4071 1507 4161 scrip-

192 4175 254 4257 sit,
271 4176 356 4242 dixit
374 4176 428 4242 vel
447 4177 598 4243 narravit
615 4177 796 4243 somnium.
815 4182 941 4244 Rerum
960 4200 1129 4245 summam
1150 4178 1269 4261 refert,
1289 4200 1357 4244 non
1373 4177 1508 4264 singula

192 4304 279 4371 quae
294 4305 327 4349 v.
344 4304 378 4369 g.
397 4283 438 4349 de
451 4282 565 4363 colore
580 4283 769 4373 habituque
782 4285 985 4351 animalium
1000 4286 1031 4351 ei
1044 4286 1171 4351 visione
1186 4284 1338 4350 exhibita
1351 4291 1459 4350 erant.

235 4392 274 4454 ln
287 4394 379 4456 textu
398 4391 513 4457 adhuc
533 4391 698 4476 leguntur
718 4392 849 4459 verba:
870 4392 1003 4459 locutus
1029 4398 1078 4458 est
1096 4391 1215 4458 Daniel
1237 4397 1271 4457 et
1293 4390 1395 4471 dixit,
1418 4413 1504 4479 quae

193 4497 299 4563 verba
315 4501 429 4561 tamen
444 4520 556 4586 neque
576 4496 668 4586 apud
690 4502 784 4580 Lxx,
802 4521 866 4565 nec
884 4498 977 4589 apud
997 4497 1263 4565 Tlreodotionem
1282 4520 1394 4587 neque
1412 4497 1503 4587 apud

191 4607 227 4671 S.
245 4602 339 4668 Hier.
354 4600 531 4687 leguntur3
550 4602 660 4669 solum
674 4606 782 4691 Syrus
801 4628 841 4671 ea
856 4604 1014 4693 praebet;
1030 4628 1062 4671 v.
1081 4610 1102 4669 ἓ
1119 4634 1133 4665 «
1148 4603 1304 4670 videbam
1324 4604 1360 4671 in
1378 4602 1504 4669 visione

192 4732 267 4778 mea
295 4721 391 4775 nocte
416 4721 450 4775 et
473 4732 547 4775 ecce
567 4721 730 4797 qamttuoi·
746 4711 840 4776 veriti
856 4710 945 4777 coeli
961 4710 1166 4801 pccqnabaat
1184 4710 1220 4777 in
1246 4710 1338 4777 errari
1359 4732 1503 4800 mapao,
