3550 5367
400 299 473 359 {5
1354 312 1427 356 DE
1471 312 1844 357 ARGUMENTO
1889 312 2066 356 unm.

392 451 541 516 cius
583 451 857 516 numine
906 453 972 514 et
1018 448 1418 514 auctoritate
1467 468 1685 533 regno
1723 453 2078 535 ¹praeerat;
2127 446 2186 512 is
2228 445 2426 532 regni
2477 445 2845 543 provinciis
2890 448 3030 511 tres

390 555 722 644 praefecit
759 555 1136 647 principe8‚
1184 553 1268 619 de
1313 554 1563 643 quibus
1604 576 1782 620 unus
1830 554 2065 619 Daniel
2122 556 2292 620 erat.
2334 553 2455 629 Qui
2502 573 2660 619 cum
2700 551 3031 641 sapientia

391 661 720 727 divinitus
754 661 914 728 data
951 661 1245 751 reliquos
1281 660 1488 746 longe
1543 666 1932 750 superaret,
1978 681 2217 726 eorum
2246 661 2318 725 in
2355 682 2424 726 se
2450 659 2812 725 concitavit
2848 658 3027 724 invi-

387 760 600 834 diam.
650 766 838 835 Unde
871 789 1030 833 eum
1055 766 1344 858 perdere
1375 772 1733 834 conantur.
1769 774 1824 833 A
1855 788 2022 853 rege
2056 767 2175 855 qui
2206 766 2383 833 nihil
2436 765 2768 832 eiusmodi
2818 765 3030 855 suspi-

395 880 590 941 catur
620 874 978 940 decretum
1009 873 1319 941 obtinent
1347 895 1483 963 quo
1512 873 1752 939 aulicis
1789 895 1919 964 per
1948 873 2092 939 dies
2117 879 2201 939 30
2231 871 2665 939 interdicitur
2692 894 2778 938 ne
2804 893 2846 938 a
2868 892 3030 960 quo-

391 1002 706 1069 cumque,
751 980 876 1047 deo
926 981 1058 1046 nisi
1100 1002 1142 1046 a
1187 1002 1351 1066 rege
1405 1001 1551 1046 rem
1600 980 1905 1068 aliquam
1952 985 2214 1070 petant.
2261 979 2529 1060 Daniel,
2589 979 2688 1044 uti
2732 978 3024 1059 solebat,

400 1087 763 1154 Dominum
792 1094 901 1158 ter
928 1089 998 1152 in
1027 1086 1136 1153 die
1156 1086 1443 1155 adorare
1472 1109 1609 1153 non
1641 1086 2037 1164 desistebat3
2075 1108 2288 1176 quare
2319 1085 2786 1176 deprehensus
2822 1085 2892 1150 in
2923 1083 3027 1149 la-

392 1215 556 1260 cum
584 1193 864 1260 leonum
912 1193 1205 1280 mittitur
1237 1215 1401 1279 rege
1447 1193 1700 1259 frustra
1739 1193 2255 1260 contranitente.
2292 1197 2377 1259 At
2408 1193 2720 1283 sequenti
2768 1191 2879 1258 die
2911 1213 3024 1257 re-

394 1302 658 1390 peritur
704 1300 1093 1367 incolumis,
1140 1304 1278 1366 Hoc
1314 1299 1588 1366 divinae
1621 1301 1969 1388 potentiae
2016 1298 2428 1365 documento
2458 1297 2732 1365 edoctus
2761 1319 2879 1363 rex
2908 1296 3029 1363 de-

395 1412 669 1473 cretum
721 1406 983 1489 scribit,
1044 1428 1184 1495 quo
1235 1427 1468 1474 omnes
1514 1405 1842 1471 iubentur
1899 1409 2112 1472 Deum
2173 1406 2467 1473 Danielis
2518 1406 2906 1471 tremiscere
2962 1410 3029 1470 et

396 1535 692 1604 pavere;
745 1514 890 1579 eius
938 1514 1121 1580 enim
1157 1535 1445 1603 reqmem
1482 1535 1563 1579 ac
1597 1524 1999 1601 potestatem
2040 1512 2184 1579 fore
2231 1513 2302 1577 in
2345 1517 2753 1602 perpetuum
2788 1511 3025 1601 (6,26).

402 1619 505 1687 Uti
541 1620 740 1686 Dario
783 1618 1001 1703 Medo,
1048 1619 1147 1685 ita
1177 1623 1347 1706 Cyro
1377 1642 1653 1709 quoque
1691 1619 2055 1686 innotescit
2084 1619 2200 1684 Dei
2240 1618 2646 1685 dominium.
2679 1622 2811 1684 Hoc
2846 1619 3028 1684 enim

400 1727 550 1792 1060
581 1729 645 1791 et
674 1732 957 1815 propter
980 1731 1250 1815 tempus
1270 1732 1336 1791 et
1358 1733 1649 1815 propter'
1678 1726 1777 1791 rei
1802 1731 2288 1812 argumentum
2320 1723 2715 1791 collocanda
2744 1730 2843 1790 est
2869 1747 3028 1791 nar-

394 1834 566 1898 ratio
611 1831 696 1898 de
736 1831 848 1898 Bel
896 1837 962 1898 et
1008 1831 1302 1898 dracone
1349 1855 1498 1922 cap.
1546 1839 1626 1898 14
1677 1834 2099 1917 consignata.
2133 1836 2426 1899 Eventus
2456 1830 2574 1896 ille
2604 1831 2798 1896 initio
2831 1831 3030 1916 regni

394 1940 550 2025 Cyri
587 1939 871 2005 attribui
908 1938 1206 2022 debebit,
1251 1939 1417 2029 quia
1464 1944 1673 2027 Cyrus
1710 1938 2119 2028 prudentiae
2154 1960 2292 2004 esse
2325 1942 2551 2003 censet
2598 1935 2839 2004 cedere
2885 1939 3029 2003 irae

396 2044 935 2133 Babyloniorum
969 2047 1089 2134 qui
1115 2044 1201 2111 de
1230 2045 1662 2112 contumeliis
1695 2044 1783 2110 ab
1813 2044 2208 2131 alienigena
2246 2044 2377 2110 diis
2418 2045 2555 2109 suis
2595 2066 2675 2110 ac
2712 2044 3029 2110 sacerdo-

395 2152 579 2219 tibus
612 2152 820 2219 illatis
869 2152 1210 2238 indignati
1259 2152 1665 2218 sedit-ionem
1710 2156 2009 2217 movent.
2048 2151 2390 2218 Danielem
2441 2151 2579 2216 iam
2616 2157 2835 2217 aetate
2871 2151 3031 2217 satis

400 2264 795 2348 provectum
827 2259 1074 2325 iterum
1102 2259 1172 2324 in
1201 2260 1429 2326 lacum
1457 2259 1736 2324 leonum
1765 2258 2159 2324 coniiciunt.
2192 2263 2276 2338 At
2305 2264 2458 2346 post
2482 2280 2593 2323 sex
2626 2256 2770 2323 dies
2799 2280 2839 2323 a
2868 2278 3029 2343 rege

399 2367 739 2455 reperitur
791 2366 1174 2434 incolumiS.
1255 2370 1472 2442 Quare
1532 2368 1744 2451 Cyrus
1798 2386 2067 2453 quoque
2114 2365 2531 2430 maiestatem
2580 2365 2697 2430 Dei
2742 2364 3031 2429 Danielis

397 2472 777 2561 profitetur.

369 2668 373 2673 .
490 2580 679 2644 Hisce
710 2580 942 2667 itaque
966 2579 1158 2667 prior
1189 2578 1347 2644 libri
1377 2600 1536 2668 pars
1575 2578 1973 2645 absolvitur.
2007 2578 2108 2645 Ad
2135 2600 2353 2644 unum
2380 2577 2738 2644 consilium
2762 2578 3030 2662 singula

404 2689 827 2769 convergunt
864 2688 932 2750 et
964 2685 1143 2751 inter
1171 2707 1240 2751 56
1270 2685 1511 2750 ordine
1540 2686 1866 2774 temporis
1906 2708 2041 2774 quo
2072 2691 2263 2771 gesta
2292 2691 2449 2751 sunt
2478 2690 2912 2751 enarrantur.
2956 2688 3030 2749 In

398 2790 618 2858 altera
669 2790 827 2856 libri
872 2796 1067 2880 parte
1115 2791 1389 2858 oracula
1429 2792 1869 2858 continentur
1922 2791 2010 2857 de
2059 2791 2367 2857 dominio
2419 2792 2536 2859 Dei
2581 2792 2655 2856 in
2696 2797 3030 2881 quantum

401 2897 704 2964 cernitur
733 2898 1149 2964 successione
1172 2904 1236 2964 et
1260 2900 1461 2964 ruina
1481 2920 1857 2984 regnorum
1888 2898 2127 2965 mundi
2149 2903 2214 2964 et
2245 2898 2442 2985 regni
2475 2900 2592 2964 Dei
2617 2897 3024 2964 conditione.

341 3082 350 3092 Ι
400 3011 579 3082 Quae
613 3026 775 3093 pars
809 3010 993 3070 arcte
1033 3005 1349 3071 cohaeret
1380 3027 1538 3071 cum
1566 3006 1816 3095 priore.
1862 3010 2030 3072 Nam
2071 3005 2156 3070 de
2183 3005 2329 3071 istis
2365 3007 2599 3091 regnis
2634 3006 2773 3071 iam
2805 3024 3029 3070 sermo

399 3117 546 3178 erat
589 3111 817 3177 brevis
855 3111 1132 3200 quidem
1177 3112 1294 3179 sed
1332 3114 1549 3179 multa
1588 3113 2043 3202 complectens
2082 3113 2153 3177 in
2202 3134 2352 3201 cap.
2392 3118 2432 3177 2
2475 3113 2547 3178 in
2586 3111 3030 3202 explicatione

401 3218 648 3283 somnii
676 3217 1303 3285 Nabuchodonosor
1332 3221 1538 3306 regis.
1562 3224 1743 3297 Quae
1768 3218 1864 3285 ibi
1893 3218 2557 3307 lineamenta'posita
2582 3224 2763 3299 sunt,
2800 3241 2950 3306 cap.
2990 3224 3029 3281 7

404 3324 786 3391 accuratius
816 3323 1316 3393 describuntur.
1345 3330 1417 3391 In
1449 3332 1774 3415 quattuor
1804 3326 2215 3392 animalibus
2250 3347 2285 3390 e
2308 3327 2482 3391 mari
2510 3318 3033 3396 ascendentibus

405 3434 781 3497 cernuntur
824 3431 1187 3497 simulacra
1228 3432 1567 3521 quaedam
1605 3437 1671 3498 et
1712 3432 2264 3498 adumbrationes
2305 3437 2625 3522 quattuor
2661 3452 3029 3516 regnorum

404 3559 578 3626 quae
616 3535 1233 3602 Nabuchodonosor
1282 3539 1355 3603 in
1405 3545 1626 3604 statua
1667 3538 1937 3604 viderat
1979 3560 2314 3627 expressa;
2369 3558 2662 3624 regnum
2708 3541 3032 3625 quartum

406 3642 797 3731 explicatius
832 3642 1268 3726 describitur,
1317 3668 1397 3710 ex
1442 3668 1577 3734 quo
1623 3645 1900 3710 tandem
1950 3643 2185 3711 decem
2229 3667 2449 3730 regna
2490 3644 2844 3725 exsistant;
2897 3643 3032 3714 tria

411 3771 488 3816 ex
532 3748 669 3815 illis
698 3748 786 3815 ab
816 3750 950 3816 alio
993 3749 1177 3839 quod
1217 3753 1521 3818 exoritur
1563 3751 2011 3833 deiiciuntur3
2066 3774 2146 3818 60
2190 3757 2419 3817 autem
2468 3751 2869 3837 designatur
2915 3771 3033 3816 rex

410 3855 691 3945 quidam
744 3858 1036 3923 maxime
1084 3858 1340 3947 impius
1368 3864 1434 3924 et
1483 3857 1928 3946 blasphemus
1956 3864 2022 3924 et
2066 3863 2459 3947 persecut-or
2489 3859 2687 3944 regni
2715 3858 2866 3938 Dei,
2914 3857 3034 3945 qui

405 3962 687 4028 tandem
717 3963 918 4029 simul
950 3984 1104 4029 cum
1145 3966 1332 4030 omni
1370 3971 1700 4054 potestate
1724 3970 1859 4032 Deo
1892 3964 2170 4031 inimica
2197 3964 2429 4031 divino
2455 3965 2711 4031 iudicio
2734 3968 3032 4053 proster-

406 4074 638 4148 netur;
685 4091 979 4155 regnum
1034 4076 1265 4137 autem
1304 4077 1658 4138 aeternum
1698 4071 1979 4137 dabitur
2023 4074 2082 4137 ei
2125 4072 2244 4161 qui
2284 4072 2476 4160 quasi
2517 4072 2698 4137 filius
2740 4068 3033 4136 hominis

402 4175 628 4242 veniet
655 4176 726 4240 in
755 4176 1054 4243 nubibus
1086 4178 1278 4244 coeli.

497 4287 636 4358 Quo
665 4282 939 4348 oraculo
965 4284 1185 4371 primo
1215 4307 1366 4375 cap.
1394 4291 1435 4351 7
1461 4291 1678 4352 totum
1707 4290 1977 4375 tempus
2011 4291 2330 4352 terrestre
2370 4308 2584 4374 usque
2612 4286 2701 4351 ad
2731 4288 3035 4354 saeculo-

405 4409 561 4454 rum
591 4390 1243 4457 consummationem
1269 4393 1899 4481 comprehenditur.
1933 4391 2118 4458 Unde
2152 4392 2368 4458 altera
2390 4392 2563 4458 haec
2600 4414 2760 4480 pars
2791 4395 3032 4461 eadem

408 4493 674 4560 orditur
714 4495 1270 4581 magnificentia„
1307 4521 1444 4587 qua
1491 4500 1714 4588 prior,
1762 4500 1816 4563 si
1870 4499 2291 4587 prooemium
2343 4520 2479 4587 quo
2528 4499 2804 4585 integro
2855 4501 3031 4567 libro

407 4600 841 4690 praeluditur
869 4602 1206 4686 omiseris;
1262 4605 1332 4670 in
1392 4610 1678 4695 utroque
1727 4605 1875 4671 loco
1923 4628 2069 4694 cap.
2113 4612 2153 4670 2
2203 4609 2266 4671 et
2307 4611 2346 4670 7
2381 4605 2602 4669 statim
2657 4611 2873 4672 totum
2920 4608 3033 4672 Dei

413 4707 793 4776 dominium
846 4708 1042 4775 nobis
1099 4710 1186 4776 ob
1247 4711 1476 4778 oculos
1524 4714 1829 4801 ponitur,
1879 4717 1948 4777 at
1992 4710 2192 4777 modo
2239 4733 2364 4801 pro
2410 4710 2644 4778 indole
2685 4718 2765 4779 et·
2787 4718 3035 4780 natura
