3550 5367
248 273 287 331 48
753 280 791 324 ne
813 280 961 324 vennone
982 280 1048 323 ixx.

293 420 401 487 Etiam
416 421 556 485 eventus
575 438 650 505 cap.
669 422 687 483 t
702 414 909 481 adscribitur
925 435 1016 479 anno
1034 418 1074 479 18
1095 413 1194 499 regui
1207 411 1305 494 Nab.;
1320 412 1435 501 inquo
1448 414 1558 503 capite

250 526 359 593 maior
377 524 523 591 varietas
539 521 821 612 deprehenditur.
842 520 961 589 Statim
981 520 1074 587 enim
1089 523 1165 609 post
1182 542 1214 586 v.
1232 524 1253 585 2
1270 549 1285 579 «
1303 520 1471 585 somnium
1488 519 1557 585 vidi

250 638 283 699 et
299 632 398 699 timui
412 636 445 697 et
466 631 568 697 timor
591 630 627 695 in
651 648 706 695 me
729 627 884 695 cecidit»
909 631 1068 693 narratur
1088 626 1258 691 somnium
1276 646 1284 695 :
1302 627 1337 692 in
1355 629 1459 692 strato
1484 647 1559 693 meo

251 737 462 808 dormiebam
481 744 513 803 et
532 757 609 803 ecee
628 737 731 803 arbor
744 754 872 821 magna
883 738 949 799 etc'.
966 754 1056 822 quae
1075 732 1258 821 descriptio
1273 738 1307 798 et
1319 731 1457 818 longior
1468 737 1560 799 estet

250 847 434 913 sententias
452 844 584 932 aliquas
602 842 669 907 alio
689 841 807 909 ordine
826 836 964 907 exhibet
978 860 1089 930 neque
1109 838 1429 925 exaggerationibus
1448 844 1557 921 caret;

250 953 298 1018 ita
312 952 401 1018 rami
414 957 512 1016 erant
524 946 739 1035 longitudine
758 947 855 1036 quasi
867 946 1058 1013 stadiorum
1078 952 1136 1023 303
1149 952 1289 1012 truncus
1302 946 1375 1012 eius
1393 966 1499 1034 usque
1516 944 1560 1012 ed

250 1059 359 1125 nubes
372 1056 519 1146 implens
534 1078 575 1121 ea
591 1076 678 1143 quae
693 1054 755 1121 sub
774 1054 866 1121 coelo
878 1059 974 1135 sunt;
995 1052 1045 1119 sol
1059 1058 1092 1118 et
1105 1052 1187 1119 luna
1201 1055 1290 1133 erat,
1310 1053 1346 1119 in
1365 1052 1438 1142 ipso
1458 1052 1557 1119 hahi-

251 1164 370 1233 tabant
382 1167 415 1229 et
426 1162 667 1229 illuminabant
684 1182 820 1227 omnem
831 1165 972 1227 terrem:
985 1162 1110 1225 -Non
1125 1164 1174 1225 est
1187 1180 1298 1225 sermo
1313 1157 1356 1246 de
1371 1160 1490 1245 vigile,
1502 1158 1560 1225 sed

251 1272 359 1338 solum
376 1268 419 1335 de
442 1269 583 1355 angelo,
605 1290 715 1357 neque
738 1266 780 1333 de
804 1267 971 1333 sententia
993 1264 1139 1353 vigilum
1163 1286 1274 1355 neque
1295 1265 1338 1332 de
1356 1285 1513 1333 sermone
1528 1272 1561 1332 at

252 1377 414 1468 petitione
424 1381 618 1443 sanctorum
628 1372 667 1439 fit
676 1374 804 1440 mentio
818 1392 930 1462 neque
940 1370 982 1438 de
992 1371 1093 1439 corde
1107 1372 1211 1439 ferae.
1223 1372 1330 1439 Simul
1347 1377 1460 1438 autem
1474 1372 1558 1438 vidit

252 1484 336 1551 Nab.
357 1482 538 1549 insomnio
555 1499 594 1547 aa
608 1480 683 1545 fieri
697 1501 785 1569 quae
804 1479 945 1565 angelus
961 1480 1123 1546 iusserat:
1141 1500 1257 1545 eoram
1269 1499 1324 1545 me
1339 1478 1559 1545 excidebatur

252 1592 288 1657 in
305 1613 374 1656 una
391 1587 446 1655 die
465 1592 499 1653 et
516 1587 688 1674 corruptio
709 1586 780 1653 eius
801 1586 834 1651 in
856 1606 925 1651 una
942 1586 1028 1651 hora
1046 1585 1130 1667 diei,
1149 1590 1182 1652 et
1203 1586 1289 1652 remi
1314 1586 1386 1651 eius
1404 1586 1559 1675 prolicie-

253 1697 379 1764 bantur
393 1696 429 1761 in
440 1714 577 1760 omnem
592 1698 728 1759 ventum
742 1698 775 1759 et
787 1692 988 1759 volvebatur
1002 1698 1034 1758 et
1049 1692 1274 1758 abiiciebetur
1285 1699 1318 1757 et
1331 1691 1475 1759 herbam
1492 1697 1560 1758 ter-

254 1806 312 1870 rae
328 1801 474 1868 comedit
490 1802 572 1866 etin
592 1799 781 1866 custodiam
796 1798 944 1866 dabatur
959 1807 992 1865 et
1006 1799 1041 1866 in
1056 1798 1201 1865 vinculis
1215 1805 1248 1865 et
1264 1800 1405 1866 manicis
1421 1798 1561 1866 aheneis

254 1908 479 1975 vinciebatur.
495 1912 696 1995 Magnopere
707 1906 866 1996 obstupui
877 1928 980 1996 super
991 1907 1046 1973 his
1058 1912 1091 1972 et
1101 1927 1240 1972 somnus
1250 1907 1386 1972 recessit
1399 1905 1443 1972 ab
1458 1905 1562 1973 oculis

166 2032 171 2039 ·
255 2016 349 2083 meis.
362 2018 400 2081 Et
409 2035 552 2101 surgens
567 2034 666 2081 mane
677 2035 716 2079 ex
729 2012 816 2079 lecto
827 2033 904 2079 meo
913 2014 1031 2078 vocavi
1042 2011 1213 2079 Danielem
1224 2013 1417 2103 principem
1427 2012 1561 2102 sapien-

185 2180 190 2187 .
254 2130 327 2190 tum
341 2128 374 2189 et
389 2120 512 2187 ducem
531 2140 649 2187 eorum
669 2118 728 2211 qui
741 2120 856 2185 omnia
870 2119 1059 2186 diiudicant
1073 2127 1106 2185 et
1121 2120 1256 2186 narravi
1272 2119 1336 2210 ipsi
1347 2120 1516 2185 somnium
1529 2126 1562 2186 et

255 2228 401 2297 ostendit
424 2228 510 2294 mihi
533 2246 671 2295 omnem
697 2226 983 2312 significationem
1007 2226 1091 2293 eius.
1116 2230 1256 2292 -Non
1284 2226 1422 2308 dicitur,
1454 2227 1503 2292 uti
1527 2226 1561 2291 in

254 2336 353 2403 hebr.
371 2357 404 2401 v.
419 2341 475 2401 3-t
485 2333 570 2401 alios
583 2354 718 2423 quoque
732 2336 868 2399 vocatos
883 2345 953 2397 esse
968 2333 1027 2421 qui
1042 2332 1259 2420 nequiverint
1270 2333 1440 2414 somnium
1454 2333 1558 2399 inter·

255 2440 395 2533 pretari.
408 2444 445 2505 ln
461 2461 530 2528 seq.
548 2461 581 2505 v.
598 2443 638 2504 16
651 2445 772 2527 stupor
785 2443 818 2503 et
830 2435 1011 2504 admiratio
1025 2438 1169 2505 Danielis
1187 2438 1327 2505 uberius
1342 2431 1557 2506 describitur.

256 2545 490 2637 lnterpratatio
509 2544 547 2609 fit
561 2545 620 2621 ita,
642 2549 680 2611 ut
695 2542 838 2629 singulis
852 2545 976 2610 somnii
994 2543 1149 2632 partibus
1164 2545 1276 2611 statim
1289 2544 1438 2612 addatur
1452 2544 1559 2635 expli-

256 2654 343 2719 catio
356 2674 363 2717 :
378 2650 520 2717 arbor...
532 2654 568 2716 tu
581 2671 630 2731 es3
643 2655 676 2716 et
689 2671 805 2716 omnes
815 2650 969 2717 volucres
978 2650 1074 2716 coeli.
1084 2703 1104 2717 ..
1123 2651 1230 2718 virtus
1239 2657 1350 2718 terrae
1361 2655 1394 2719 et
1407 2651 1561 2738 gentium

255 2766 289 2826 et
308 2759 505 2845 linguarum
528 2758 680 2821 omnium
701 2778 808 2845 usqne
833 2755 874 2823 ad
898 2755 982 2823 fines
1004 2762 1116 2825 terrae
1137 2763 1172 2823 et
1188 2779 1306 2825 omnes
1324 2760 1481 2845 regiones
1499 2758 1563 2823 tibi

256 2866 425 2947 serviunt;
443 2862 536 2953 quod
551 2867 666 2929 autem
683 2862 786 2929 arbor
800 2862 998 2929 elevabatur
1011 2870 1044 2930 et
1061 2864 1359 2954 appropinquabat
1373 2865 1508 2932 coelo...
1525 2870 1561 2931 tu

258 2992 314 3037 rex
330 2970 495 3037 exaltatus
510 2992 543 3035 es
558 2990 660 3059 snper
674 2990 791 3035 omnes
804 2968 958 3035 homiues
973 2971 1033 3058 qui
1048 2977 1126 3037 suut
1139 2993 1241 3061 super
1255 2971 1376 3039 faeiem
1386 2973 1562 3040 universae
1628 2958 1640 2972 '⁴

257 3086 377 3155 terrae,
395 3077 578 3143 exaltatum
599 3096 734 3165 quoque
749 3080 798 3141 est
813 3096 872 3142 cor
891 3080 988 3141 tuum
1004 3077 1162 3165 superbia
1176 3082 1209 3143 et
1227 3080 1377 3167 potentia
1391 3083 1509 3145 contra
1526 3100 1565 3144 aa

258 3206 344 3274 quae
358 3184 529 3272 pertinent
541 3180 585 3248 ad
599 3188 752 3249 sanctum
769 3182 826 3246 Dei
839 3187 871 3247 et
881 3181 1020 3268 angelos
1033 3183 1119 3263 eius;
1135 3183 1285 3250 facinore
1294 3189 1352 3249 tua
1361 3184 1566 3251 videbantur

257 3288 428 3380 quomodo
443 3289 583 3355 domum
598 3289 655 3353 Dei
675 3288 744 3355 vivi
758 3289 940 3355 vastaveris
959 3295 1098 3378 propter
1116 3295 1256 3379 peccata
1268 3290 1387 3381 populi
1402 3292 1434 3357 ei
1448 3314 1564 3359 eonse-

257 3396 351 3463 crati'.
369 3400 407 3461 Et
421 3396 503 3461 visio
516 3415 619 3484 quam
635 3393 763 3475 vidisti,
779 3393 859 3483 quia
879 3396 1021 3481 augelus
1034 3396 1070 3461 in
1085 3395 1209 3462 virtute
1224 3398 1343 3462 missus
1360 3402 1409 3465 est
1422 3420 1443 3464 a
1456 3403 1563 3465 Deo...

256 3500 422 3569 iudicium
442 3502 499 3593 Dei
518 3500 634 3586 magni
651 3500 762 3567 veniet
787 3522 887 3589 super
911 3506 945 3567 te
966 3507 1002 3567 et
1018 3501 1201 3568 altissimus
1214 3508 1246 3568 et
1266 3503 1380 3589 angeli
1395 3504 1513 3571 eiusin
1531 3509 1564 3569 te

257 3610 422 3697 impetum
445 3606 587 3685 iaciant,
609 3606 643 3670 in
673 3605 857 3673 custodiam
884 3606 1055 3672 abducant
1077 3614 1109 3673 te
1128 3614 1161 3673 et
1185 3609 1354 3675 inlocum
1378 3609 1563 3677 solitarium

257 3716 412 3781 emittent
426 3717 476 3794 te;
492 3717 525 3779 et
548 3710 643 3777 radix
662 3712 793 3778 arboris
808 3712 966 3781 relicta...
982 3714 1073 3780 locus
1087 3714 1201 3780 throni
1223 3715 1273 3781 tui
1291 3716 1352 3781 tibi
1374 3715 1565 3783 servabitur

259 3824 293 3888 in
311 3825 445 3909 tempus
463 3824 496 3885 et
515 3818 648 3885 horam.
665 3822 747 3884 Eece
761 3822 879 3884 contra
893 3824 925 3885 te
938 3827 1117 3909 parantum
1132 3826 1165 3887 et
1180 3821 1402 3907 flagellabunt
1417 3828 1450 3888 te
1462 3826 1495 3889 et
1507 3822 1566 3889 ad·

202 4020 206 4025 ¹
258 3928 383 3994 ducent
396 3947 483 4016 quae
496 3930 613 3992 contra
631 3930 664 3991 te
680 3925 817 4005 decreta
831 3931 921 3992 sunt.
936 3927 1098 3993 Dominus
1112 3929 1195 3993 vivit
1213 3929 1248 3994 in
1263 3928 1357 3995 coelo
1371 3936 1403 3997 et
1420 3932 1566 4019 potestas

258 4033 330 4101 eius
348 4034 383 4100 in
397 4034 554 4099 universa
571 4036 676 4113 terra;
698 4032 811 4121 ipsum
827 4054 969 4121 precare
983 4033 1026 4100 de
1046 4034 1192 4123 peccatis
1211 4035 1277 4101 tuis
1291 4041 1325 4100 et
1344 4057 1461 4102 omnes
1474 4036 1564 4101 iniu-

258 4141 365 4207 stitias
379 4144 454 4206 tuas
473 4139 692 4225 elecmosynis
707 4137 854 4221 redime,
874 4146 913 4205 ut
927 4139 1142 4226 indulgentia
1155 4141 1255 4207 detur
1269 4142 1332 4208 tibi
1343 4148 1376 4208 et
1387 4143 1450 4209 tias
1463 4143 1564 4229 long·

259 4269 361 4313 aevus
378 4247 414 4311 in
433 4248 558 4313 throno
571 4244 670 4333 regni
684 4246 734 4311 tui
753 4252 786 4311 et
802 4253 837 4311 nt
853 4268 922 4312 non
943 4246 1064 4336 perdat
1076 4254 1121 4314 te.
1144 4251 1207 4314 Hos
1224 4268 1396 4315 sermones
1418 4251 1564 4340 amplec-

258 4361 346 4435 tere3
364 4358 541 4419 accuratus
571 4359 620 4418 est
645 4353 736 4417 enim
763 4374 874 4419 sermo
902 4374 997 4420 meus
1024 4359 1057 4419 et
1083 4356 1223 4444 planum
1242 4361 1376 4445 tempus
1396 4361 1504 4424 tuum.
1523 4396 1565 4407 —

260 4459 366 4527 Etiam
382 4463 416 4525 in
428 4458 563 4549 subseq.
575 4481 608 4524 v.
623 4464 726 4525 ae-at
740 4480 866 4546 magne
874 4459 1144 4548 deprehenditur
1152 4462 1296 4528 varietas
1304 4467 1337 4528 et
1347 4462 1566 4552 amplificatio

260 4568 383 4634 eofere
401 4562 502 4633 modo
518 4566 635 4654 quoin
659 4566 860 4656 paraphrasi
879 4565 1072 4648 chaldaica,
1093 4567 1129 4634 in
1148 4568 1352 4654 targumim,
1374 4568 1468 4636 hand
1487 4592 1565 4636 raro

259 4679 368 4740 textus
379 4672 547 4740 hebraeus
566 4672 766 4762 exprimitur
780 4672 880 4739 variis
893 4671 1131 4740 additamentis
1146 4681 1177 4740 et
1196 4697 1321 4762 magua
1334 4674 1545 4744 verbositate.
1561 4721 1582 4749 -,
