<?xml version="1.0" encoding="UTF-8"?>
<!DOCTYPE html PUBLIC "-//W3C//DTD XHTML 1.0 Transitional//EN"
    "http://www.w3.org/TR/xhtml1/DTD/xhtml1-transitional.dtd">
<html xmlns="http://www.w3.org/1999/xhtml" xml:lang="en" lang="en">
 <head>
  <title>
</title>
<meta http-equiv="Content-Type" content="text/html;charset=utf-8" />
  <meta name='ocr-system' content='tesseract 3.04.00' />
  <meta name='ocr-capabilities' content='ocr_page ocr_carea ocr_par ocr_line ocrx_word'/>
</head>
<body>
  <div class='ocr_page' id='page_1' title='image "./commentariusind01knabgoog_0357.png"; bbox 0 0 3550 5367; ppageno 0'>
   <div class='ocr_carea' id='block_1_1' title="bbox 801 337 1555 409">
    <p class='ocr_par' dir='ltr' id='par_1_1' title="bbox 801 337 1555 409">
     <span class='ocr_line' id='line_1_1' title="bbox 801 337 1555 409; baseline 0 -13"><span class='ocrx_word' id='word_1_1' title='bbox 801 339 879 398; x_wconf 76' lang='lat' dir='ltr'><strong>Dan.</strong></span> <span class='ocrx_word' id='word_1_2' title='bbox 906 340 954 409; x_wconf 83' lang='grc'><strong>11,</strong></span> <span class='ocrx_word' id='word_1_3' title='bbox 979 339 996 397; x_wconf 86' lang='grc'><strong>1</strong></span> <span class='ocrx_word' id='word_1_4' title='bbox 1497 337 1555 397; x_wconf 79' lang='lat'><strong>345</strong></span> 
     </span>
    </p>
   </div>
   <div class='ocr_carea' id='block_1_2' title="bbox 235 484 1556 1002">
    <p class='ocr_par' dir='ltr' id='par_1_2' title="bbox 235 484 1556 1002">
     <span class='ocr_line' id='line_1_2' title="bbox 238 484 1556 577; baseline -0.003 -23"><span class='ocrx_word' id='word_1_5' title='bbox 238 487 450 577; x_wconf 80' lang='lat' dir='ltr'><strong>exemplaria</strong></span> <span class='ocrx_word' id='word_1_6' title='bbox 464 487 683 554; x_wconf 84' lang='lat' dir='ltr'><strong>Stressmaier</strong></span> <span class='ocrx_word' id='word_1_7' title='bbox 697 485 875 576; x_wconf 69' lang='lat' dir='ltr'><strong>descripsit</strong></span> <span class='ocrx_word' id='word_1_8' title='bbox 889 486 1029 553; x_wconf 91' lang='lat' dir='ltr'><strong>ultimus</strong></span> <span class='ocrx_word' id='word_1_9' title='bbox 1044 487 1103 574; x_wconf 90' lang='lat' dir='ltr'><strong>qui</strong></span> <span class='ocrx_word' id='word_1_10' title='bbox 1115 485 1179 551; x_wconf 90' lang='lat' dir='ltr'><strong>sub</strong></span> <span class='ocrx_word' id='word_1_11' title='bbox 1191 485 1367 552; x_wconf 89' lang='lat' dir='ltr'><strong>Nabonido</strong></span> <span class='ocrx_word' id='word_1_12' title='bbox 1381 484 1491 552; x_wconf 84' lang='lat' dir='ltr'><strong>iactus</strong></span> <span class='ocrx_word' id='word_1_13' title='bbox 1505 490 1556 551; x_wconf 89' lang='lat' dir='ltr'><strong>est</strong></span> 
     </span>
     <span class='ocr_line' id='line_1_3' title="bbox 236 591 1554 683; baseline -0.003 -22"><span class='ocrx_word' id='word_1_14' title='bbox 236 594 286 661; x_wconf 87' lang='lat' dir='ltr'><strong>ad</strong></span> <span class='ocrx_word' id='word_1_15' title='bbox 301 593 392 660; x_wconf 88' lang='lat' dir='ltr'><strong>diem</strong></span> <span class='ocrx_word' id='word_1_16' title='bbox 407 594 554 683; x_wconf 87' lang='lat' dir='ltr'><strong>pertinet</strong></span> <span class='ocrx_word' id='word_1_17' title='bbox 565 599 605 660; x_wconf 89' lang='lat'><strong>10</strong></span> <span class='ocrx_word' id='word_1_18' title='bbox 619 593 742 659; x_wconf 82' lang='lat' dir='ltr'><strong>mensis</strong></span> <span class='ocrx_word' id='word_1_19' title='bbox 752 592 1024 660; x_wconf 86' lang='lat' dir='ltr'><strong>marcheschvan</strong></span> <span class='ocrx_word' id='word_1_20' title='bbox 1039 600 1072 658; x_wconf 90' lang='lat' dir='ltr'><strong>et</strong></span> <span class='ocrx_word' id='word_1_21' title='bbox 1083 593 1215 682; x_wconf 89' lang='lat' dir='ltr'><strong>primus</strong></span> <span class='ocrx_word' id='word_1_22' title='bbox 1229 592 1293 658; x_wconf 91' lang='lat' dir='ltr'><strong>sub</strong></span> <span class='ocrx_word' id='word_1_23' title='bbox 1305 596 1391 679; x_wconf 84' lang='lat' dir='ltr'><strong>Cyro</strong></span> <span class='ocrx_word' id='word_1_24' title='bbox 1403 592 1448 658; x_wconf 89' lang='lat' dir='ltr'><strong>ad</strong></span> <span class='ocrx_word' id='word_1_25' title='bbox 1463 591 1554 658; x_wconf 92' lang='lat' dir='ltr'><strong>diem</strong></span> 
     </span>
     <span class='ocr_line' id='line_1_4' title="bbox 235 697 1552 788; baseline -0.004 -20"><span class='ocrx_word' id='word_1_26' title='bbox 235 707 285 768; x_wconf 75' lang='lat' dir='ltr'><strong>2t</strong></span> <span class='ocrx_word' id='word_1_27' title='bbox 300 699 451 766; x_wconf 90' lang='lat' dir='ltr'><strong>eiusdem</strong></span> <span class='ocrx_word' id='word_1_28' title='bbox 467 699 591 766; x_wconf 84' lang='lat' dir='ltr'>mensis</span> <span class='ocrx_word' id='word_1_29' title='bbox 611 699 832 788; x_wconf 88' lang='lat' dir='ltr'><strong>eiusdemque</strong></span> <span class='ocrx_word' id='word_1_30' title='bbox 855 700 936 766; x_wconf 85' lang='lat' dir='ltr'><strong>anni</strong></span> <span class='ocrx_word' id='word_1_31' title='bbox 960 699 1038 786; x_wconf 82' lang='lat'>(539</span> <span class='ocrx_word' id='word_1_32' title='bbox 1055 699 1109 765; x_wconf 93' lang='lat' dir='ltr'><strong>vel</strong></span> <span class='ocrx_word' id='word_1_33' title='bbox 1124 704 1188 766; x_wconf 83' lang='lat'><strong>538</strong></span> <span class='ocrx_word' id='word_1_34' title='bbox 1206 722 1237 765; x_wconf 88' lang='lat' dir='ltr'><strong>a.</strong></span> <span class='ocrx_word' id='word_1_35' title='bbox 1256 700 1316 765; x_wconf 86' lang='lat' dir='ltr'><strong>Cb.</strong></span> <span class='ocrx_word' id='word_1_36' title='bbox 1338 699 1438 786; x_wconf 82' lang='lat' dir='ltr'><strong>scil).</strong></span> <span class='ocrx_word' id='word_1_37' title='bbox 1456 697 1552 764; x_wconf 86' lang='lat' dir='ltr'><strong>Unde</strong></span> 
     </span>
     <span class='ocr_line' id='line_1_5' title="bbox 235 803 1555 895; baseline -0.002 -22"><span class='ocrx_word' id='word_1_38' title='bbox 235 807 312 873; x_wconf 87' lang='lat' dir='ltr'><strong>iam</strong></span> <span class='ocrx_word' id='word_1_39' title='bbox 326 805 442 895; x_wconf 88' lang='lat' dir='ltr'><strong>aliqua</strong></span> <span class='ocrx_word' id='word_1_40' title='bbox 459 807 591 873; x_wconf 87' lang='lat' dir='ltr'><strong>ratione</strong></span> <span class='ocrx_word' id='word_1_41' title='bbox 606 804 793 895; x_wconf 77' lang='lat' dir='ltr'><strong>explicatur</strong></span> <span class='ocrx_word' id='word_1_42' title='bbox 812 828 874 872; x_wconf 91' lang='lat' dir='ltr'><strong>cur</strong></span> <span class='ocrx_word' id='word_1_43' title='bbox 893 805 1010 892; x_wconf 86' lang='lat' dir='ltr'><strong>Daniel</strong></span> <span class='ocrx_word' id='word_1_44' title='bbox 1028 806 1089 894; x_wconf 87' lang='lat' dir='ltr'><strong>qui</strong></span> <span class='ocrx_word' id='word_1_45' title='bbox 1108 805 1145 871; x_wconf 94' lang='lat' dir='ltr'><strong>in</strong></span> <span class='ocrx_word' id='word_1_46' title='bbox 1161 805 1240 871; x_wconf 88' lang='lat' dir='ltr'><strong>aula</strong></span> <span class='ocrx_word' id='word_1_47' title='bbox 1259 803 1355 890; x_wconf 81' lang='lat' dir='ltr'><strong>regia</strong></span> <span class='ocrx_word' id='word_1_48' title='bbox 1373 803 1467 871; x_wconf 89' lang='lat' dir='ltr'><strong>haud</strong></span> <span class='ocrx_word' id='word_1_49' title='bbox 1482 807 1555 870; x_wconf 89' lang='lat' dir='ltr'><strong>erat</strong></span> 
     </span>
     <span class='ocr_line' id='line_1_6' title="bbox 237 910 1556 1002; baseline -0.002 -24"><span class='ocrx_word' id='word_1_50' title='bbox 237 914 379 998; x_wconf 90' lang='lat' dir='ltr'><strong>ignotus</strong></span> <span class='ocrx_word' id='word_1_51' title='bbox 398 918 432 979; x_wconf 93' lang='lat' dir='ltr'><strong>et</strong></span> <span class='ocrx_word' id='word_1_52' title='bbox 453 911 708 980; x_wconf 74' lang='lat' dir='ltr'><strong>translationem</strong></span> <span class='ocrx_word' id='word_1_53' title='bbox 734 913 832 998; x_wconf 91' lang='lat' dir='ltr'><strong>regni</strong></span> <span class='ocrx_word' id='word_1_54' title='bbox 857 911 901 979; x_wconf 84' lang='lat' dir='ltr'><strong>ed</strong></span> <span class='ocrx_word' id='word_1_55' title='bbox 923 911 1033 978; x_wconf 86' lang='lat' dir='ltr'><strong>lledos</strong></span> <span class='ocrx_word' id='word_1_56' title='bbox 1056 915 1238 1002; x_wconf 84' lang='lat' dir='ltr'><strong>Persasque</strong></span> <span class='ocrx_word' id='word_1_57' title='bbox 1258 910 1460 978; x_wconf 91' lang='lat' dir='ltr'><strong>vaticinatus</strong></span> <span class='ocrx_word' id='word_1_58' title='bbox 1483 915 1556 977; x_wconf 89' lang='lat' dir='ltr'><strong>erat</strong></span> 
     </span>
    </p>
   </div>
   <div class='ocr_carea' id='block_1_3' title="bbox 240 1011 1689 1108">
    <p class='ocr_par' dir='ltr' id='par_1_3' title="bbox 240 1011 1689 1108">
     <span class='ocr_line' id='line_1_7' title="bbox 240 1011 1689 1108; baseline -0.003 -22"><span class='ocrx_word' id='word_1_59' title='bbox 240 1017 369 1108; x_wconf 58' lang='lat'>(538),</span> <span class='ocrx_word' id='word_1_60' title='bbox 387 1019 489 1085; x_wconf 88' lang='lat' dir='ltr'><strong>etiam</strong></span> <span class='ocrx_word' id='word_1_61' title='bbox 516 1022 602 1105; x_wconf 82' lang='lat' dir='ltr'><strong>Cyro</strong></span> <span class='ocrx_word' id='word_1_62' title='bbox 625 1019 733 1085; x_wconf 85' lang='lat' dir='ltr'><strong>lactus</strong></span> <span class='ocrx_word' id='word_1_63' title='bbox 759 1019 802 1084; x_wconf 91' lang='lat' dir='ltr'><strong>sit</strong></span> <span class='ocrx_word' id='word_1_64' title='bbox 825 1018 1023 1100; x_wconf 84' lang='lat' dir='ltr'><strong>familiaris;</strong></span> <span class='ocrx_word' id='word_1_65' title='bbox 1041 1017 1131 1084; x_wconf 89' lang='lat' dir='ltr'><strong>adde</strong></span> <span class='ocrx_word' id='word_1_66' title='bbox 1150 1017 1361 1108; x_wconf 84' lang='lat' dir='ltr'><strong>peculiarem</strong></span> <span class='ocrx_word' id='word_1_67' title='bbox 1389 1040 1430 1084; x_wconf 90' lang='lat' dir='ltr'><strong>ea</strong></span> <span class='ocrx_word' id='word_1_68' title='bbox 1455 1019 1490 1082; x_wconf 91' lang='lat' dir='ltr'><strong>in</strong></span> <span class='ocrx_word' id='word_1_69' title='bbox 1519 1038 1556 1082; x_wconf 89' lang='lat' dir='ltr'><strong>re</strong></span> <span class='ocrx_word' id='word_1_70' title='bbox 1685 1011 1689 1016; x_wconf 74' lang='grc'>’</span> 
     </span>
    </p>
   </div>
   <div class='ocr_carea' id='block_1_4' title="bbox 241 1121 1556 1746">
    <p class='ocr_par' dir='ltr' id='par_1_4' title="bbox 241 1121 1556 1746">
     <span class='ocr_line' id='line_1_8' title="bbox 241 1121 1556 1216; baseline -0.002 -26"><span class='ocrx_word' id='word_1_71' title='bbox 241 1147 380 1216; x_wconf 86' lang='lat' dir='ltr'><strong>quoque</strong></span> <span class='ocrx_word' id='word_1_72' title='bbox 394 1124 648 1210; x_wconf 84' lang='lat' dir='ltr'><strong>agnoscendam</strong></span> <span class='ocrx_word' id='word_1_73' title='bbox 663 1145 734 1192; x_wconf 89' lang='lat' dir='ltr'><strong>esse</strong></span> <span class='ocrx_word' id='word_1_74' title='bbox 753 1124 890 1191; x_wconf 85' lang='lat' dir='ltr'><strong>divinae</strong></span> <span class='ocrx_word' id='word_1_75' title='bbox 910 1124 1146 1214; x_wconf 90' lang='lat' dir='ltr'><strong>providentiae</strong></span> <span class='ocrx_word' id='word_1_76' title='bbox 1164 1123 1420 1212; x_wconf 86' lang='lat' dir='ltr'><strong>dispositionem</strong></span> <span class='ocrx_word' id='word_1_77' title='bbox 1439 1123 1477 1204; x_wconf 82' lang='lat' dir='ltr'><strong>in</strong></span> <span class='ocrx_word' id='word_1_78' title='bbox 1492 1121 1556 1188; x_wconf 91' lang='lat' dir='ltr'><strong>bo-</strong></span> 
     </span>
     <span class='ocr_line' id='line_1_9' title="bbox 241 1220 1556 1319; baseline -0.003 -21"><span class='ocrx_word' id='word_1_79' title='bbox 241 1220 328 1298; x_wconf 86' lang='lat' dir='ltr'><strong>num</strong></span> <span class='ocrx_word' id='word_1_80' title='bbox 340 1229 562 1314; x_wconf 87' lang='lat' dir='ltr'><strong>ludaeorum;</strong></span> <span class='ocrx_word' id='word_1_81' title='bbox 582 1236 658 1308; x_wconf 63' lang='lat' dir='ltr'><strong>ilat</strong></span> <span class='ocrx_word' id='word_1_82' title='bbox 679 1259 694 1293; x_wconf 75' lang='grc' dir='ltr'><strong>ι(</strong></span> <span class='ocrx_word' id='word_1_83' title='bbox 713 1243 788 1297; x_wconf 78' lang='lat' dir='ltr'><strong>croc</strong></span> <span class='ocrx_word' id='word_1_84' title='bbox 800 1241 915 1298; x_wconf 81' lang='lat' dir='ltr'><strong>autem</strong></span> <span class='ocrx_word' id='word_1_85' title='bbox 931 1231 1056 1298; x_wconf 83' lang='lat' dir='ltr'><strong>Daniel</strong></span> <span class='ocrx_word' id='word_1_86' title='bbox 1068 1231 1208 1303; x_wconf 80' lang='lat' dir='ltr'><strong>concion</strong></span> <span class='ocrx_word' id='word_1_87' title='bbox 1222 1230 1311 1319; x_wconf 75' lang='lat' dir='ltr'><strong>repis</strong></span> <span class='ocrx_word' id='word_1_88' title='bbox 1325 1243 1358 1296; x_wconf 86' lang='lat' dir='ltr'><strong>et</strong></span> <span class='ocrx_word' id='word_1_89' title='bbox 1371 1229 1556 1296; x_wconf 77' lang='lat' dir='ltr'><strong>honoratus</strong></span> 
     </span>
     <span class='ocr_line' id='line_1_10' title="bbox 241 1335 1556 1427; baseline -0.002 -24"><span class='ocrx_word' id='word_1_90' title='bbox 241 1359 347 1427; x_wconf 83' lang='lat' dir='ltr'><strong>super</strong></span> <span class='ocrx_word' id='word_1_91' title='bbox 371 1359 486 1403; x_wconf 70' lang='lat' dir='ltr'><strong>coenes</strong></span> <span class='ocrx_word' id='word_1_92' title='bbox 509 1337 634 1404; x_wconf 80' lang='lat' dir='ltr'><strong>amicos</strong></span> <span class='ocrx_word' id='word_1_93' title='bbox 658 1338 729 1403; x_wconf 79' lang='lat' dir='ltr'><strong>eius</strong></span> <span class='ocrx_word' id='word_1_94' title='bbox 753 1361 791 1419; x_wconf 81' lang='lat'><strong>»3</strong></span> <span class='ocrx_word' id='word_1_95' title='bbox 817 1377 861 1388; x_wconf 86' lang='lat'><strong>—-·</strong></span> <span class='ocrx_word' id='word_1_96' title='bbox 889 1360 929 1404; x_wconf 81' lang='lat' dir='ltr'><strong>ex</strong></span> <span class='ocrx_word' id='word_1_97' title='bbox 956 1337 1198 1417; x_wconf 87' lang='lat' dir='ltr'><strong>Theodotione‚</strong></span> <span class='ocrx_word' id='word_1_98' title='bbox 1223 1335 1315 1426; x_wconf 75' lang='lat' dir='ltr'><strong>vulp.</strong></span> <span class='ocrx_word' id='word_1_99' title='bbox 1344 1335 1556 1403; x_wconf 87' lang='lat' dir='ltr'><strong>versionibus</strong></span> 
     </span>
     <span class='ocr_line' id='line_1_11' title="bbox 246 1441 1555 1534; baseline -0.002 -22"><span class='ocrx_word' id='word_1_100' title='bbox 246 1445 382 1532; x_wconf 82' lang='lat' dir='ltr'><strong>syriaca</strong></span> <span class='ocrx_word' id='word_1_101' title='bbox 397 1451 431 1510; x_wconf 90' lang='lat' dir='ltr'><strong>et</strong></span> <span class='ocrx_word' id='word_1_102' title='bbox 449 1443 589 1510; x_wconf 85' lang='lat' dir='ltr'><strong>arabica</strong></span> <span class='ocrx_word' id='word_1_103' title='bbox 604 1443 748 1510; x_wconf 91' lang='lat' dir='ltr'><strong>dubium</strong></span> <span class='ocrx_word' id='word_1_104' title='bbox 771 1466 840 1510; x_wconf 91' lang='lat' dir='ltr'><strong>non</strong></span> <span class='ocrx_word' id='word_1_105' title='bbox 857 1451 907 1511; x_wconf 90' lang='lat' dir='ltr'><strong>est</strong></span> <span class='ocrx_word' id='word_1_106' title='bbox 923 1444 1008 1534; x_wconf 91' lang='lat' dir='ltr'><strong>quin</strong></span> <span class='ocrx_word' id='word_1_107' title='bbox 1031 1441 1149 1510; x_wconf 84' lang='lat' dir='ltr'><strong>Daniel</strong></span> <span class='ocrx_word' id='word_1_108' title='bbox 1172 1442 1264 1510; x_wconf 90' lang='lat' dir='ltr'><strong>idem</strong></span> <span class='ocrx_word' id='word_1_109' title='bbox 1285 1442 1497 1530; x_wconf 88' lang='lat' dir='ltr'><strong>intelligatur</strong></span> <span class='ocrx_word' id='word_1_110' title='bbox 1511 1441 1555 1509; x_wconf 89' lang='lat' dir='ltr'><strong>de</strong></span> 
     </span>
     <span class='ocr_line' id='line_1_12' title="bbox 245 1549 1553 1639; baseline -0.001 -23"><span class='ocrx_word' id='word_1_111' title='bbox 245 1551 368 1639; x_wconf 91' lang='lat' dir='ltr'><strong>quoin</strong></span> <span class='ocrx_word' id='word_1_112' title='bbox 385 1549 664 1617; x_wconf 78' lang='lat' dir='ltr'><strong>antecedentibus</strong></span> <span class='ocrx_word' id='word_1_113' title='bbox 687 1571 798 1618; x_wconf 91' lang='lat' dir='ltr'><strong>sermo</strong></span> <span class='ocrx_word' id='word_1_114' title='bbox 818 1555 902 1617; x_wconf 88' lang='lat' dir='ltr'><strong>erat.</strong></span> <span class='ocrx_word' id='word_1_115' title='bbox 923 1555 1047 1617; x_wconf 86' lang='lat' dir='ltr'><strong>Verum</strong></span> <span class='ocrx_word' id='word_1_116' title='bbox 1071 1554 1150 1616; x_wconf 84' lang='lat' dir='ltr'><strong>LXX</strong></span> <span class='ocrx_word' id='word_1_117' title='bbox 1164 1549 1205 1616; x_wconf 88' lang='lat' dir='ltr'><strong>de</strong></span> <span class='ocrx_word' id='word_1_118' title='bbox 1230 1550 1297 1616; x_wconf 89' lang='lat' dir='ltr'><strong>alio</strong></span> <span class='ocrx_word' id='word_1_119' title='bbox 1317 1549 1468 1638; x_wconf 85' lang='lat' dir='ltr'><strong>quodam</strong></span> <span class='ocrx_word' id='word_1_120' title='bbox 1489 1554 1553 1616; x_wconf 88' lang='lat' dir='ltr'><strong>Da-</strong></span> 
     </span>
     <span class='ocr_line' id='line_1_13' title="bbox 242 1655 1554 1746; baseline -0.001 -24"><span class='ocrx_word' id='word_1_121' title='bbox 242 1656 334 1722; x_wconf 89' lang='lat' dir='ltr'><strong>niele</strong></span> <span class='ocrx_word' id='word_1_122' title='bbox 345 1677 418 1724; x_wconf 89' lang='lat' dir='ltr'><strong>rem</strong></span> <span class='ocrx_word' id='word_1_123' title='bbox 433 1657 569 1723; x_wconf 88' lang='lat' dir='ltr'><strong>narrari</strong></span> <span class='ocrx_word' id='word_1_124' title='bbox 582 1656 725 1723; x_wconf 90' lang='lat' dir='ltr'><strong>innuere</strong></span> <span class='ocrx_word' id='word_1_125' title='bbox 737 1655 916 1738; x_wconf 89' lang='lat' dir='ltr'><strong>videntur;</strong></span> <span class='ocrx_word' id='word_1_126' title='bbox 934 1658 981 1723; x_wconf 89' lang='lat' dir='ltr'><strong>ita</strong></span> <span class='ocrx_word' id='word_1_127' title='bbox 994 1657 1085 1723; x_wconf 89' lang='lat' dir='ltr'><strong>enim</strong></span> <span class='ocrx_word' id='word_1_128' title='bbox 1104 1655 1198 1746; x_wconf 86' lang='lat' dir='ltr'><strong>apud</strong></span> <span class='ocrx_word' id='word_1_129' title='bbox 1211 1678 1268 1722; x_wconf 87' lang='lat' dir='ltr'><strong>eos</strong></span> <span class='ocrx_word' id='word_1_130' title='bbox 1283 1656 1411 1741; x_wconf 90' lang='lat' dir='ltr'><strong>legitur</strong></span> <span class='ocrx_word' id='word_1_131' title='bbox 1426 1678 1434 1722; x_wconf 91' lang='lat'>:</span> <span class='ocrx_word' id='word_1_132' title='bbox 1450 1656 1554 1730; x_wconf 86' lang='lat' dir='ltr'><strong>bomo</strong></span> 
     </span>
    </p>
   </div>
   <div class='ocr_carea' id='block_1_5' title="bbox 243 1761 1559 1977">
    <p class='ocr_par' dir='ltr' id='par_1_5' title="bbox 243 1761 1559 1977">
     <span class='ocr_line' id='line_1_14' title="bbox 244 1761 1557 1861; baseline -0.005 -24"><span class='ocrx_word' id='word_1_133' title='bbox 244 1769 387 1861; x_wconf 89' lang='lat' dir='ltr'><strong>qnidam</strong></span> <span class='ocrx_word' id='word_1_134' title='bbox 401 1778 474 1838; x_wconf 88' lang='lat' dir='ltr'><strong>erat</strong></span> <span class='ocrx_word' id='word_1_135' title='bbox 492 1770 659 1855; x_wconf 85' lang='lat' dir='ltr'><strong>sacerdos,</strong></span> <span class='ocrx_word' id='word_1_136' title='bbox 674 1773 729 1838; x_wconf 92' lang='lat' dir='ltr'><strong>cui</strong></span> <span class='ocrx_word' id='word_1_137' title='bbox 742 1793 868 1840; x_wconf 89' lang='lat' dir='ltr'><strong>nomen</strong></span> <span class='ocrx_word' id='word_1_138' title='bbox 883 1773 1011 1856; x_wconf 82' lang='lat' dir='ltr'><strong>Daniel,</strong></span> <span class='ocrx_word' id='word_1_139' title='bbox 1026 1771 1116 1839; x_wconf 89' lang='lat' dir='ltr'><strong>lilius</strong></span> <span class='ocrx_word' id='word_1_140' title='bbox 1132 1771 1230 1852; x_wconf 77' lang='lat' dir='ltr'><strong>Abel,</strong></span> <span class='ocrx_word' id='word_1_141' title='bbox 1247 1772 1388 1838; x_wconf 84' lang='lat' dir='ltr'><strong>conviva</strong></span> <span class='ocrx_word' id='word_1_142' title='bbox 1408 1761 1557 1859; x_wconf 74' lang='grc' dir='ltr'><strong>(66μὸ16-</strong></span> 
     </span>
     <span class='ocr_line' id='line_1_15' title="bbox 243 1879 1559 1977; baseline -0.005 -18"><span class='ocrx_word' id='word_1_143' title='bbox 243 1879 312 1973; x_wconf 66' lang='lat' dir='ltr'><strong>etc)</strong></span> <span class='ocrx_word' id='word_1_144' title='bbox 334 1887 427 1974; x_wconf 84' lang='lat' dir='ltr'><strong>regis</strong></span> <span class='ocrx_word' id='word_1_145' title='bbox 445 1887 640 1976; x_wconf 81' lang='lat' dir='ltr'><strong>Babylonis.</strong></span> <span class='ocrx_word' id='word_1_146' title='bbox 664 1889 741 1965; x_wconf 82' lang='lat' dir='ltr'><strong>Quis</strong></span> <span class='ocrx_word' id='word_1_147' title='bbox 766 1910 825 1955; x_wconf 84' lang='lat' dir='ltr'><strong>rex</strong></span> <span class='ocrx_word' id='word_1_148' title='bbox 847 1889 965 1969; x_wconf 86' lang='lat' dir='ltr'><strong>luerit,</strong></span> <span class='ocrx_word' id='word_1_149' title='bbox 985 1910 1056 1955; x_wconf 90' lang='lat' dir='ltr'><strong>non</strong></span> <span class='ocrx_word' id='word_1_150' title='bbox 1071 1887 1208 1971; x_wconf 85' lang='lat' dir='ltr'><strong>dicitur,</strong></span> <span class='ocrx_word' id='word_1_151' title='bbox 1230 1886 1347 1956; x_wconf 89' lang='lat' dir='ltr'><strong>Daniel</strong></span> <span class='ocrx_word' id='word_1_152' title='bbox 1366 1887 1559 1977; x_wconf 87' lang='lat' dir='ltr'><strong>appellatur</strong></span> 
     </span>
    </p>
   </div>
   <div class='ocr_carea' id='block_1_6' title="bbox 245 1999 1558 2516">
    <p class='ocr_par' dir='ltr' id='par_1_6' title="bbox 245 1999 1558 2516">
     <span class='ocr_line' id='line_1_16' title="bbox 249 1999 1556 2092; baseline 0.002 -28"><span class='ocrx_word' id='word_1_153' title='bbox 249 1999 356 2091; x_wconf 57' lang='grc' dir='ltr'><strong>ἱερεὺς</strong></span> <span class='ocrx_word' id='word_1_154' title='bbox 377 2025 418 2070; x_wconf 82' lang='grc'><strong>61(</strong></span> <span class='ocrx_word' id='word_1_155' title='bbox 439 2003 569 2071; x_wconf 84' lang='lat' dir='ltr'><strong>familia</strong></span> <span class='ocrx_word' id='word_1_156' title='bbox 587 2001 788 2071; x_wconf 88' lang='lat' dir='ltr'><strong>sacerdotali</strong></span> <span class='ocrx_word' id='word_1_157' title='bbox 808 2008 1005 2072; x_wconf 89' lang='lat' dir='ltr'><strong>recensetur</strong></span> <span class='ocrx_word' id='word_1_158' title='bbox 1028 2003 1145 2069; x_wconf 88' lang='lat' dir='ltr'><strong>Daniel</strong></span> <span class='ocrx_word' id='word_1_159' title='bbox 1164 2002 1306 2092; x_wconf 88' lang='lat' dir='ltr'><strong>qnidam</strong></span> <span class='ocrx_word' id='word_1_160' title='bbox 1327 2001 1423 2068; x_wconf 84' lang='lat' dir='ltr'><strong>Esdr.</strong></span> <span class='ocrx_word' id='word_1_161' title='bbox 1440 2006 1499 2082; x_wconf 68' lang='lat' dir='ltr'><strong>ab</strong></span> <span class='ocrx_word' id='word_1_162' title='bbox 1522 2005 1556 2066; x_wconf 91' lang='lat' dir='ltr'><strong>et</strong></span> 
     </span>
     <span class='ocr_line' id='line_1_17' title="bbox 245 2106 1557 2202; baseline -0.003 -26"><span class='ocrx_word' id='word_1_163' title='bbox 245 2111 329 2176; x_wconf 88' lang='lat' dir='ltr'><strong>Neb.</strong></span> <span class='ocrx_word' id='word_1_164' title='bbox 350 2117 427 2190; x_wconf 82' lang='lat'><strong>10,7</strong></span> <span class='ocrx_word' id='word_1_165' title='bbox 448 2109 559 2202; x_wconf 84' lang='lat' dir='ltr'><strong>(hebr.</strong></span> <span class='ocrx_word' id='word_1_166' title='bbox 579 2117 656 2194; x_wconf 84' lang='lat'><strong>10,6</strong></span> <span class='ocrx_word' id='word_1_167' title='bbox 673 2109 796 2198; x_wconf 77' lang='lat' dir='ltr'><strong>vulg).</strong></span> <span class='ocrx_word' id='word_1_168' title='bbox 820 2109 937 2176; x_wconf 88' lang='lat' dir='ltr'><strong>Daniel</strong></span> <span class='ocrx_word' id='word_1_169' title='bbox 953 2114 1068 2176; x_wconf 90' lang='lat' dir='ltr'><strong>autem</strong></span> <span class='ocrx_word' id='word_1_170' title='bbox 1087 2109 1258 2199; x_wconf 90' lang='lat' dir='ltr'><strong>propheta</strong></span> <span class='ocrx_word' id='word_1_171' title='bbox 1275 2131 1315 2174; x_wconf 82' lang='lat' dir='ltr'><strong>ex</strong></span> <span class='ocrx_word' id='word_1_172' title='bbox 1332 2115 1387 2188; x_wconf 86' lang='lat' dir='ltr'><strong>l‚6</strong></span> <span class='ocrx_word' id='word_1_173' title='bbox 1404 2106 1448 2174; x_wconf 90' lang='lat' dir='ltr'><strong>de</strong></span> <span class='ocrx_word' id='word_1_174' title='bbox 1465 2106 1557 2173; x_wconf 88' lang='lat' dir='ltr'><strong>tribu</strong></span> 
     </span>
     <span class='ocr_line' id='line_1_18' title="bbox 246 2195 1558 2306; baseline -0.003 -22"><span class='ocrx_word' id='word_1_175' title='bbox 246 2216 333 2284; x_wconf 91' lang='lat' dir='ltr'><strong>luda</strong></span> <span class='ocrx_word' id='word_1_176' title='bbox 345 2217 446 2284; x_wconf 88' lang='lat' dir='ltr'><strong>fuisse</strong></span> <span class='ocrx_word' id='word_1_177' title='bbox 460 2216 608 2298; x_wconf 87' lang='lat' dir='ltr'><strong>videtur,</strong></span> <span class='ocrx_word' id='word_1_178' title='bbox 626 2216 707 2305; x_wconf 88' lang='lat' dir='ltr'><strong>quia</strong></span> <span class='ocrx_word' id='word_1_179' title='bbox 725 2238 767 2282; x_wconf 91' lang='lat' dir='ltr'><strong>eo</strong></span> <span class='ocrx_word' id='word_1_180' title='bbox 789 2214 862 2283; x_wconf 90' lang='lat' dir='ltr'><strong>loco</strong></span> <span class='ocrx_word' id='word_1_181' title='bbox 876 2216 939 2282; x_wconf 87' lang='lat' dir='ltr'><strong>tilii</strong></span> <span class='ocrx_word' id='word_1_182' title='bbox 960 2215 1044 2283; x_wconf 89' lang='lat' dir='ltr'><strong>luda</strong></span> <span class='ocrx_word' id='word_1_183' title='bbox 1058 2216 1217 2306; x_wconf 73' lang='lat' dir='ltr'><strong>explicite</strong></span> <span class='ocrx_word' id='word_1_184' title='bbox 1232 2195 1452 2282; x_wconf 82' lang='lat' dir='ltr'><strong>nominantur</strong></span> <span class='ocrx_word' id='word_1_185' title='bbox 1465 2219 1558 2304; x_wconf 86' lang='lat' dir='ltr'><strong>post-</strong></span> 
     </span>
     <span class='ocr_line' id='line_1_19' title="bbox 247 2321 1555 2412; baseline -0.002 -23"><span class='ocrx_word' id='word_1_186' title='bbox 247 2345 351 2412; x_wconf 88' lang='lat' dir='ltr'><strong>quam</strong></span> <span class='ocrx_word' id='word_1_187' title='bbox 367 2329 423 2405; x_wconf 85' lang='lat'><strong>1‚3</strong></span> <span class='ocrx_word' id='word_1_188' title='bbox 440 2321 483 2390; x_wconf 93' lang='lat' dir='ltr'><strong>de</strong></span> <span class='ocrx_word' id='word_1_189' title='bbox 496 2323 576 2390; x_wconf 87' lang='lat' dir='ltr'><strong>tiliis</strong></span> <span class='ocrx_word' id='word_1_190' title='bbox 591 2322 694 2390; x_wconf 88' lang='lat' dir='ltr'><strong>lsrael</strong></span> <span class='ocrx_word' id='word_1_191' title='bbox 708 2323 896 2410; x_wconf 84' lang='lat' dir='ltr'><strong>generatim</strong></span> <span class='ocrx_word' id='word_1_192' title='bbox 916 2323 1044 2389; x_wconf 90' lang='lat' dir='ltr'><strong>mentio</strong></span> <span class='ocrx_word' id='word_1_193' title='bbox 1060 2321 1302 2403; x_wconf 77' lang='lat' dir='ltr'><strong>factacst3fi1ii</strong></span> <span class='ocrx_word' id='word_1_194' title='bbox 1322 2325 1436 2388; x_wconf 87' lang='lat' dir='ltr'><strong>autem</strong></span> <span class='ocrx_word' id='word_1_195' title='bbox 1454 2321 1555 2388; x_wconf 88' lang='lat' dir='ltr'><strong>lsrael</strong></span> 
     </span>
     <span class='ocr_line' id='line_1_20' title="bbox 247 2425 1555 2516; baseline -0.004 -18"><span class='ocrx_word' id='word_1_196' title='bbox 247 2451 291 2498; x_wconf 89' lang='grc' dir='ltr'><strong>6ο</strong></span> <span class='ocrx_word' id='word_1_197' title='bbox 310 2427 385 2497; x_wconf 86' lang='grc'><strong>1666</strong></span> <span class='ocrx_word' id='word_1_198' title='bbox 407 2435 498 2496; x_wconf 86' lang='lat' dir='ltr'><strong>certe</strong></span> <span class='ocrx_word' id='word_1_199' title='bbox 522 2429 637 2496; x_wconf 88' lang='lat' dir='ltr'><strong>ludaei</strong></span> <span class='ocrx_word' id='word_1_200' title='bbox 661 2429 852 2516; x_wconf 83' lang='lat' dir='ltr'><strong>generatim</strong></span> <span class='ocrx_word' id='word_1_201' title='bbox 879 2428 1056 2506; x_wconf 84' lang='lat' dir='ltr'><strong>dicuntur,</strong></span> <span class='ocrx_word' id='word_1_202' title='bbox 1073 2443 1157 2516; x_wconf 91' lang='lat' dir='ltr'><strong>ergo</strong></span> <span class='ocrx_word' id='word_1_203' title='bbox 1176 2428 1238 2494; x_wconf 87' lang='lat' dir='ltr'><strong>tilii</strong></span> <span class='ocrx_word' id='word_1_204' title='bbox 1260 2425 1344 2494; x_wconf 88' lang='lat' dir='ltr'><strong>luda</strong></span> <span class='ocrx_word' id='word_1_205' title='bbox 1365 2428 1408 2494; x_wconf 88' lang='lat' dir='ltr'><strong>ad</strong></span> <span class='ocrx_word' id='word_1_206' title='bbox 1429 2427 1555 2495; x_wconf 84' lang='lat' dir='ltr'><strong>tribum</strong></span> 
     </span>
    </p>
   </div>
   <div class='ocr_carea' id='block_1_7' title="bbox 246 2540 1561 2745">
    <p class='ocr_par' dir='ltr' id='par_1_7' title="bbox 246 2540 1561 2745">
     <span class='ocr_line' id='line_1_21' title="bbox 247 2540 1558 2634; baseline -0.002 -22"><span class='ocrx_word' id='word_1_207' title='bbox 247 2544 333 2612; x_wconf 90' lang='lat' dir='ltr'><strong>luda</strong></span> <span class='ocrx_word' id='word_1_208' title='bbox 364 2544 535 2613; x_wconf 80' lang='lat' dir='ltr'><strong>referendi</strong></span> <span class='ocrx_word' id='word_1_209' title='bbox 566 2551 678 2612; x_wconf 91' lang='lat' dir='ltr'><strong>erunt.</strong></span> <span class='ocrx_word' id='word_1_210' title='bbox 708 2550 820 2612; x_wconf 89' lang='lat' dir='ltr'><strong>Posset</strong></span> <span class='ocrx_word' id='word_1_211' title='bbox 848 2546 989 2634; x_wconf 90' lang='lat' dir='ltr'><strong>quidem</strong></span> <span class='ocrx_word' id='word_1_212' title='bbox 1017 2544 1152 2613; x_wconf 87' lang='lat' dir='ltr'><strong>adverti</strong></span> <span class='ocrx_word' id='word_1_213' title='bbox 1173 2540 1261 2630; x_wconf 79' lang='grc' dir='ltr'>ἱερεὺς</span> <span class='ocrx_word' id='word_1_214' title='bbox 1279 2565 1350 2611; x_wconf 87' lang='lat' dir='ltr'><strong>esse</strong></span> <span class='ocrx_word' id='word_1_215' title='bbox 1368 2545 1558 2633; x_wconf 87' lang='lat' dir='ltr'><strong>versionem</strong></span> 
     </span>
     <span class='ocr_line' id='line_1_22' title="bbox 246 2650 1561 2745; baseline 0 -29"><span class='ocrx_word' id='word_1_216' title='bbox 246 2650 347 2718; x_wconf 88' lang='lat' dir='ltr'><strong>hebr.</strong></span> <span class='ocrx_word' id='word_1_217' title='bbox 366 2655 440 2745; x_wconf 53' lang='lat' dir='ltr'><strong>prm</strong></span> <span class='ocrx_word' id='word_1_218' title='bbox 455 2673 530 2718; x_wconf 88' lang='lat' dir='ltr'><strong>cam</strong></span> <span class='ocrx_word' id='word_1_219' title='bbox 550 2656 665 2718; x_wconf 87' lang='lat' dir='ltr'><strong>autem</strong></span> <span class='ocrx_word' id='word_1_220' title='bbox 681 2673 797 2720; x_wconf 89' lang='lat' dir='ltr'><strong>vocem</strong></span> <span class='ocrx_word' id='word_1_221' title='bbox 820 2657 843 2720; x_wconf 69' lang='grc' dir='ltr'><strong>Ξ</strong></span> <span class='ocrx_word' id='word_1_222' title='bbox 862 2657 953 2719; x_wconf 84' lang='lat' dir='ltr'><strong>Sam.</strong></span> <span class='ocrx_word' id='word_1_223' title='bbox 970 2658 1050 2735; x_wconf 88' lang='grc'><strong>8,18</strong></span> <span class='ocrx_word' id='word_1_224' title='bbox 1064 2651 1224 2719; x_wconf 87' lang='lat' dir='ltr'><strong>adhiberi</strong></span> <span class='ocrx_word' id='word_1_225' title='bbox 1245 2673 1316 2717; x_wconf 91' lang='lat' dir='ltr'><strong>non</strong></span> <span class='ocrx_word' id='word_1_226' title='bbox 1335 2650 1377 2716; x_wconf 93' lang='lat' dir='ltr'><strong>de</strong></span> <span class='ocrx_word' id='word_1_227' title='bbox 1401 2650 1561 2717; x_wconf 88' lang='lat' dir='ltr'><strong>sacerdo-</strong></span> 
     </span>
    </p>
   </div>
   <div class='ocr_carea' id='block_1_8' title="bbox 245 2775 1559 2866">
    <p class='ocr_par' dir='ltr' id='par_1_8' title="bbox 245 2775 1559 2866">
     <span class='ocr_line' id='line_1_23' title="bbox 245 2775 1559 2866; baseline 0.001 -25"><span class='ocrx_word' id='word_1_228' title='bbox 245 2775 424 2858; x_wconf 88' lang='lat' dir='ltr'><strong>tibus,sed</strong></span> <span class='ocrx_word' id='word_1_229' title='bbox 442 2775 484 2843; x_wconf 92' lang='lat' dir='ltr'><strong>de</strong></span> <span class='ocrx_word' id='word_1_230' title='bbox 501 2775 665 2842; x_wconf 88' lang='lat' dir='ltr'><strong>ministris</strong></span> <span class='ocrx_word' id='word_1_231' title='bbox 684 2777 803 2862; x_wconf 88' lang='lat' dir='ltr'><strong>regiis,</strong></span> <span class='ocrx_word' id='word_1_232' title='bbox 825 2776 1012 2866; x_wconf 89' lang='lat' dir='ltr'><strong>eodemque</strong></span> <span class='ocrx_word' id='word_1_233' title='bbox 1024 2776 1126 2843; x_wconf 93' lang='lat' dir='ltr'><strong>modo</strong></span> <span class='ocrx_word' id='word_1_234' title='bbox 1141 2781 1264 2842; x_wconf 65' lang='lat' dir='ltr'><strong>DSom.</strong></span> <span class='ocrx_word' id='word_1_235' title='bbox 1278 2782 1332 2856; x_wconf 74' lang='lat'><strong>20,</strong></span> <span class='ocrx_word' id='word_1_236' title='bbox 1346 2781 1389 2842; x_wconf 75' lang='lat'><strong>26</strong></span> <span class='ocrx_word' id='word_1_237' title='bbox 1400 2780 1433 2841; x_wconf 92' lang='lat' dir='ltr'><strong>et</strong></span> <span class='ocrx_word' id='word_1_238' title='bbox 1444 2782 1460 2841; x_wconf 91' lang='lat'>1</span> <span class='ocrx_word' id='word_1_239' title='bbox 1472 2779 1559 2863; x_wconf 87' lang='lat' dir='ltr'><strong>Reg.</strong></span> 
     </span>
    </p>
   </div>
   <div class='ocr_carea' id='block_1_9' title="bbox 248 2888 1563 3088">
    <p class='ocr_par' dir='ltr' id='par_1_9' title="bbox 248 2888 1563 3088">
     <span class='ocr_line' id='line_1_24' title="bbox 249 2888 1563 2982; baseline -0.006 -23"><span class='ocrx_word' id='word_1_240' title='bbox 249 2897 309 2977; x_wconf 62' lang='grc' dir='ltr'><strong>1λὸ</strong></span> <span class='ocrx_word' id='word_1_241' title='bbox 334 2897 366 2958; x_wconf 83' lang='grc'><strong>61</strong></span> <span class='ocrx_word' id='word_1_242' title='bbox 398 2891 442 2958; x_wconf 88' lang='lat' dir='ltr'><strong>ad</strong></span> <span class='ocrx_word' id='word_1_243' title='bbox 476 2892 626 2982; x_wconf 88' lang='lat' dir='ltr'><strong>priorem</strong></span> <span class='ocrx_word' id='word_1_244' title='bbox 650 2891 763 2958; x_wconf 90' lang='lat' dir='ltr'><strong>locum</strong></span> <span class='ocrx_word' id='word_1_245' title='bbox 794 2896 873 2958; x_wconf 81' lang='lat' dir='ltr'><strong>Lxx</strong></span> <span class='ocrx_word' id='word_1_246' title='bbox 899 2913 1017 2958; x_wconf 89' lang='lat' dir='ltr'><strong>vocem</strong></span> <span class='ocrx_word' id='word_1_247' title='bbox 1040 2897 1172 2958; x_wconf 87' lang='lat' dir='ltr'><strong>vertere</strong></span> <span class='ocrx_word' id='word_1_248' title='bbox 1187 2888 1354 2980; x_wconf 72' lang='grc' dir='ltr'>αὐλάρχαι,</span> <span class='ocrx_word' id='word_1_249' title='bbox 1370 2895 1499 2981; x_wconf 73' lang='lat' dir='ltr'><strong>Syram</strong></span> <span class='ocrx_word' id='word_1_250' title='bbox 1529 2899 1563 2959; x_wconf 73' lang='lat' dir='ltr'><strong>et</strong></span> 
     </span>
     <span class='ocr_line' id='line_1_25' title="bbox 248 2997 1561 3088; baseline -0.002 -22"><span class='ocrx_word' id='word_1_251' title='bbox 248 2997 373 3066; x_wconf 70' lang='lat' dir='ltr'><strong>Chald.</strong></span> <span class='ocrx_word' id='word_1_252' title='bbox 390 3003 567 3084; x_wconf 87' lang='lat' dir='ltr'><strong>magnates</strong></span> <span class='ocrx_word' id='word_1_253' title='bbox 590 2999 677 3064; x_wconf 89' lang='lat' dir='ltr'><strong>etin</strong></span> <span class='ocrx_word' id='word_1_254' title='bbox 698 2999 773 3066; x_wconf 91' lang='lat' dir='ltr'><strong>loco</strong></span> <span class='ocrx_word' id='word_1_255' title='bbox 796 2997 962 3088; x_wconf 87' lang='lat' dir='ltr'><strong>parallelo</strong></span> <span class='ocrx_word' id='word_1_256' title='bbox 982 3005 998 3064; x_wconf 91' lang='lat'>1</span> <span class='ocrx_word' id='word_1_257' title='bbox 1017 2997 1141 3064; x_wconf 89' lang='lat' dir='ltr'><strong>Chron.</strong></span> <span class='ocrx_word' id='word_1_258' title='bbox 1160 2998 1344 3081; x_wconf 80' lang='lat' dir='ltr'><strong>18‚1rdici</strong></span> <span class='ocrx_word' id='word_1_259' title='bbox 1363 2998 1460 3064; x_wconf 89' lang='lat' dir='ltr'><strong>hebr.</strong></span> <span class='ocrx_word' id='word_1_260' title='bbox 1487 3020 1561 3065; x_wconf 91' lang='lat' dir='ltr'><strong>eos-</strong></span> 
     </span>
    </p>
   </div>
   <div class='ocr_carea' id='block_1_10' title="bbox 244 3101 1561 3415">
    <p class='ocr_par' dir='ltr' id='par_1_10' title="bbox 244 3101 1561 3415">
     <span class='ocr_line' id='line_1_26' title="bbox 245 3101 1558 3204; baseline -0.001 -24"><span class='ocrx_word' id='word_1_261' title='bbox 245 3112 326 3180; x_wconf 90' lang='lat' dir='ltr'><strong>dem</strong></span> <span class='ocrx_word' id='word_1_262' title='bbox 346 3113 476 3204; x_wconf 90' lang='lat' dir='ltr'><strong>primos</strong></span> <span class='ocrx_word' id='word_1_263' title='bbox 490 3113 534 3181; x_wconf 90' lang='lat' dir='ltr'><strong>ad</strong></span> <span class='ocrx_word' id='word_1_264' title='bbox 548 3135 691 3181; x_wconf 87' lang='lat' dir='ltr'><strong>manum</strong></span> <span class='ocrx_word' id='word_1_265' title='bbox 717 3113 810 3200; x_wconf 89' lang='lat' dir='ltr'><strong>regis</strong></span> <span class='ocrx_word' id='word_1_266' title='bbox 836 3119 869 3180; x_wconf 89' lang='lat' dir='ltr'><strong>et</strong></span> <span class='ocrx_word' id='word_1_267' title='bbox 894 3113 988 3203; x_wconf 88' lang='lat' dir='ltr'><strong>apud</strong></span> <span class='ocrx_word' id='word_1_268' title='bbox 1011 3117 1090 3179; x_wconf 79' lang='lat' dir='ltr'><strong>Lxx</strong></span> <span class='ocrx_word' id='word_1_269' title='bbox 1113 3110 1142 3174; x_wconf 82' lang='grc' dir='ltr'><strong>οἱ</strong></span> <span class='ocrx_word' id='word_1_270' title='bbox 1155 3117 1269 3201; x_wconf 79' lang='grc' dir='ltr'>πρῶτοι</span> <span class='ocrx_word' id='word_1_271' title='bbox 1281 3101 1423 3202; x_wconf 78' lang='grc' dir='ltr'>διάδοχοι</span> <span class='ocrx_word' id='word_1_272' title='bbox 1442 3114 1499 3202; x_wconf 65' lang='lat' dir='ltr'><strong>(cl.</strong></span> <span class='ocrx_word' id='word_1_273' title='bbox 1517 3112 1558 3179; x_wconf 86' lang='lat' dir='ltr'><strong>de</strong></span> 
     </span>
     <span class='ocr_line' id='line_1_27' title="bbox 245 3219 1561 3310; baseline -0.002 -23"><span class='ocrx_word' id='word_1_274' title='bbox 245 3221 504 3302; x_wconf 77' lang='lat' dir='ltr'><strong>Hammelaaer,</strong></span> <span class='ocrx_word' id='word_1_275' title='bbox 521 3224 707 3288; x_wconf 81' lang='lat' dir='ltr'><strong>comment.</strong></span> <span class='ocrx_word' id='word_1_276' title='bbox 728 3219 764 3286; x_wconf 92' lang='lat' dir='ltr'><strong>in</strong></span> <span class='ocrx_word' id='word_1_277' title='bbox 779 3219 887 3286; x_wconf 91' lang='lat' dir='ltr'><strong>libros</strong></span> <span class='ocrx_word' id='word_1_278' title='bbox 904 3221 1040 3286; x_wconf 87' lang='lat' dir='ltr'><strong>Samuel</strong></span> <span class='ocrx_word' id='word_1_279' title='bbox 1056 3243 1092 3310; x_wconf 93' lang='lat' dir='ltr'><strong>p.</strong></span> <span class='ocrx_word' id='word_1_280' title='bbox 1109 3220 1203 3307; x_wconf 85' lang='lat'>333);</span> <span class='ocrx_word' id='word_1_281' title='bbox 1225 3219 1316 3288; x_wconf 92' lang='lat' dir='ltr'><strong>unde</strong></span> <span class='ocrx_word' id='word_1_282' title='bbox 1332 3243 1371 3286; x_wconf 85' lang='lat' dir='ltr'><strong>ex</strong></span> <span class='ocrx_word' id='word_1_283' title='bbox 1386 3241 1426 3286; x_wconf 86' lang='lat' dir='ltr'><strong>ea</strong></span> <span class='ocrx_word' id='word_1_284' title='bbox 1441 3219 1561 3309; x_wconf 88' lang='lat' dir='ltr'><strong>appel-</strong></span> 
     </span>
     <span class='ocr_line' id='line_1_28' title="bbox 244 3326 1560 3415; baseline -0.001 -22"><span class='ocrx_word' id='word_1_285' title='bbox 244 3327 373 3394; x_wconf 85' lang='lat' dir='ltr'><strong>latione</strong></span> <span class='ocrx_word' id='word_1_286' title='bbox 389 3349 458 3394; x_wconf 91' lang='lat' dir='ltr'><strong>non</strong></span> <span class='ocrx_word' id='word_1_287' title='bbox 472 3329 660 3394; x_wconf 86' lang='lat' dir='ltr'><strong>necessario</strong></span> <span class='ocrx_word' id='word_1_288' title='bbox 672 3327 768 3415; x_wconf 90' lang='lat' dir='ltr'><strong>sequi</strong></span> <span class='ocrx_word' id='word_1_289' title='bbox 784 3326 958 3394; x_wconf 86' lang='lat' dir='ltr'><strong>Danielem</strong></span> <span class='ocrx_word' id='word_1_290' title='bbox 977 3349 1017 3392; x_wconf 84' lang='lat' dir='ltr'><strong>ex</strong></span> <span class='ocrx_word' id='word_1_291' title='bbox 1031 3347 1157 3412; x_wconf 89' lang='lat' dir='ltr'><strong>genere</strong></span> <span class='ocrx_word' id='word_1_292' title='bbox 1169 3327 1372 3394; x_wconf 81' lang='lat' dir='ltr'><strong>sacerdotali</strong></span> <span class='ocrx_word' id='word_1_293' title='bbox 1389 3327 1501 3394; x_wconf 87' lang='lat' dir='ltr'><strong>luisse.</strong></span> <span class='ocrx_word' id='word_1_294' title='bbox 1518 3331 1560 3393; x_wconf 77' lang='lat' dir='ltr'><strong>at</strong></span> 
     </span>
    </p>
   </div>
   <div class='ocr_carea' id='block_1_11' title="bbox 245 3430 1562 4384">
    <p class='ocr_par' dir='ltr' id='par_1_11' title="bbox 245 3430 1562 3722">
     <span class='ocr_line' id='line_1_29' title="bbox 245 3430 1554 3533; baseline -0.001 -24"><span class='ocrx_word' id='word_1_295' title='bbox 245 3443 331 3510; x_wconf 90' lang='lat' dir='ltr'><strong>locis</strong></span> <span class='ocrx_word' id='word_1_296' title='bbox 360 3443 475 3510; x_wconf 87' lang='lat' dir='ltr'><strong>allatis</strong></span> <span class='ocrx_word' id='word_1_297' title='bbox 499 3443 638 3511; x_wconf 90' lang='lat' dir='ltr'><strong>additur</strong></span> <span class='ocrx_word' id='word_1_298' title='bbox 660 3441 704 3509; x_wconf 89' lang='lat' dir='ltr'><strong>ad</strong></span> <span class='ocrx_word' id='word_1_299' title='bbox 734 3437 823 3528; x_wconf 80' lang='grc' dir='ltr'>ἱερεὺς</span> <span class='ocrx_word' id='word_1_300' title='bbox 847 3443 900 3508; x_wconf 90' lang='lat' dir='ltr'><strong>vel</strong></span> <span class='ocrx_word' id='word_1_301' title='bbox 928 3447 972 3521; x_wconf 85' lang='grc' dir='ltr'><strong>τῷ</strong></span> <span class='ocrx_word' id='word_1_302' title='bbox 991 3430 1091 3503; x_wconf 65' lang='lat' dir='ltr'><strong>navit</strong></span> <span class='ocrx_word' id='word_1_303' title='bbox 1110 3443 1166 3508; x_wconf 90' lang='lat' dir='ltr'><strong>vel</strong></span> <span class='ocrx_word' id='word_1_304' title='bbox 1184 3447 1239 3506; x_wconf 78' lang='grc' dir='ltr'><strong>τοῦ</strong></span> <span class='ocrx_word' id='word_1_305' title='bbox 1259 3440 1428 3524; x_wconf 52' lang='grc' dir='ltr'><strong>βασιλέως</strong></span> <span class='ocrx_word' id='word_1_306' title='bbox 1447 3462 1554 3533; x_wconf 90' lang='lat' dir='ltr'><strong>quare</strong></span> 
     </span>
     <span class='ocr_line' id='line_1_30' title="bbox 246 3548 1562 3640; baseline 0.001 -26"><span class='ocrx_word' id='word_1_307' title='bbox 246 3570 312 3615; x_wconf 85' lang='lat' dir='ltr'><strong>vox</strong></span> <span class='ocrx_word' id='word_1_308' title='bbox 326 3548 523 3640; x_wconf 89' lang='lat' dir='ltr'><strong>simpliciter</strong></span> <span class='ocrx_word' id='word_1_309' title='bbox 536 3549 648 3640; x_wconf 88' lang='lat' dir='ltr'><strong>posite</strong></span> <span class='ocrx_word' id='word_1_310' title='bbox 661 3549 716 3614; x_wconf 84' lang='lat' dir='ltr'><strong>vix</strong></span> <span class='ocrx_word' id='word_1_311' title='bbox 733 3549 835 3616; x_wconf 89' lang='lat' dir='ltr'><strong>aliter</strong></span> <span class='ocrx_word' id='word_1_312' title='bbox 848 3550 924 3639; x_wconf 89' lang='lat' dir='ltr'><strong>capi</strong></span> <span class='ocrx_word' id='word_1_313' title='bbox 938 3553 1047 3639; x_wconf 87' lang='lat' dir='ltr'><strong>potest</strong></span> <span class='ocrx_word' id='word_1_314' title='bbox 1060 3549 1126 3616; x_wconf 89' lang='lat' dir='ltr'><strong>nisi</strong></span> <span class='ocrx_word' id='word_1_315' title='bbox 1140 3548 1183 3616; x_wconf 93' lang='lat' dir='ltr'><strong>de</strong></span> <span class='ocrx_word' id='word_1_316' title='bbox 1197 3550 1270 3615; x_wconf 90' lang='lat' dir='ltr'><strong>veri</strong></span> <span class='ocrx_word' id='word_1_317' title='bbox 1286 3549 1432 3616; x_wconf 90' lang='lat' dir='ltr'><strong>nominis</strong></span> <span class='ocrx_word' id='word_1_318' title='bbox 1447 3570 1562 3615; x_wconf 89' lang='lat' dir='ltr'><strong>sacer·</strong></span> 
     </span>
     <span class='ocr_line' id='line_1_31' title="bbox 246 3653 396 3722; baseline 0.013 -2"><span class='ocrx_word' id='word_1_319' title='bbox 246 3653 339 3722; x_wconf 92' lang='lat' dir='ltr'><strong>dote.</strong></span> <span class='ocrx_word' id='word_1_320' title='bbox 395 3681 396 3684; x_wconf 44' lang='lat'>¹</span> 
     </span>
    </p>

    <p class='ocr_par' dir='ltr' id='par_1_12' title="bbox 245 3761 1561 4384">
     <span class='ocr_line' id='line_1_32' title="bbox 292 3761 1557 3852; baseline 0.001 -25"><span class='ocrx_word' id='word_1_321' title='bbox 292 3762 360 3844; x_wconf 88' lang='lat' dir='ltr'><strong>Bel,</strong></span> <span class='ocrx_word' id='word_1_322' title='bbox 378 3761 715 3849; x_wconf 69' lang='lat' dir='ltr'><strong>emyco-babylonico</strong></span> <span class='ocrx_word' id='word_1_323' title='bbox 728 3761 813 3843; x_wconf 83' lang='lat' dir='ltr'><strong>Bitu,</strong></span> <span class='ocrx_word' id='word_1_324' title='bbox 832 3784 922 3828; x_wconf 93' lang='lat' dir='ltr'><strong>unns</strong></span> <span class='ocrx_word' id='word_1_325' title='bbox 933 3768 1006 3829; x_wconf 88' lang='lat' dir='ltr'><strong>erat</strong></span> <span class='ocrx_word' id='word_1_326' title='bbox 1021 3784 1059 3828; x_wconf 83' lang='lat' dir='ltr'><strong>cx</strong></span> <span class='ocrx_word' id='word_1_327' title='bbox 1074 3763 1265 3852; x_wconf 87' lang='lat' dir='ltr'><strong>praecipuis</strong></span> <span class='ocrx_word' id='word_1_328' title='bbox 1280 3762 1344 3829; x_wconf 88' lang='lat' dir='ltr'><strong>diis</strong></span> <span class='ocrx_word' id='word_1_329' title='bbox 1360 3763 1416 3850; x_wconf 90' lang='lat' dir='ltr'><strong>(cl.</strong></span> <span class='ocrx_word' id='word_1_330' title='bbox 1434 3761 1557 3830; x_wconf 77' lang='lat' dir='ltr'><strong>Sclua-</strong></span> 
     </span>
     <span class='ocr_line' id='line_1_33' title="bbox 246 3867 1555 3959; baseline -0.002 -24"><span class='ocrx_word' id='word_1_331' title='bbox 246 3867 321 3949; x_wconf 68' lang='grc'><strong>1161,</strong></span> <span class='ocrx_word' id='word_1_332' title='bbox 342 3867 539 3935; x_wconf 88' lang='lat' dir='ltr'><strong>Keilinschr.</strong></span> <span class='ocrx_word' id='word_1_333' title='bbox 561 3891 595 3934; x_wconf 91' lang='lat' dir='ltr'><strong>u.</strong></span> <span class='ocrx_word' id='word_1_334' title='bbox 619 3873 656 3936; x_wconf 86' lang='grc' dir='ltr'><strong>Α.</strong></span> <span class='ocrx_word' id='word_1_335' title='bbox 684 3872 719 3935; x_wconf 85' lang='grc' dir='ltr'><strong>Τ.</strong></span> <span class='ocrx_word' id='word_1_336' title='bbox 738 3875 758 3932; x_wconf 74' lang='lat'><strong>2</strong></span> <span class='ocrx_word' id='word_1_337' title='bbox 778 3867 831 3934; x_wconf 92' lang='lat' dir='ltr'><strong>ed.</strong></span> <span class='ocrx_word' id='word_1_338' title='bbox 850 3891 885 3956; x_wconf 92' lang='lat' dir='ltr'><strong>p.</strong></span> <span class='ocrx_word' id='word_1_339' title='bbox 906 3876 985 3948; x_wconf 84' lang='grc'><strong>113;</strong></span> <span class='ocrx_word' id='word_1_340' title='bbox 1007 3869 1095 3935; x_wconf 84' lang='lat' dir='ltr'><strong>Tiele</strong></span> <span class='ocrx_word' id='word_1_341' title='bbox 1112 3868 1137 3935; x_wconf 93' lang='lat' dir='ltr'><strong>l.</strong></span> <span class='ocrx_word' id='word_1_342' title='bbox 1159 3891 1188 3936; x_wconf 95' lang='lat' dir='ltr'><strong>c.</strong></span> <span class='ocrx_word' id='word_1_343' title='bbox 1212 3891 1246 3958; x_wconf 90' lang='lat' dir='ltr'><strong>p.</strong></span> <span class='ocrx_word' id='word_1_344' title='bbox 1263 3875 1344 3948; x_wconf 76' lang='lat'><strong>5223</strong></span> <span class='ocrx_word' id='word_1_345' title='bbox 1369 3869 1443 3935; x_wconf 92' lang='lat' dir='ltr'><strong>vide</strong></span> <span class='ocrx_word' id='word_1_346' title='bbox 1468 3889 1555 3959; x_wconf 89' lang='lat' dir='ltr'><strong>quae</strong></span> 
     </span>
     <span class='ocr_line' id='line_1_34' title="bbox 247 3973 1556 4063; baseline -0.001 -23"><span class='ocrx_word' id='word_1_347' title='bbox 247 3973 317 4040; x_wconf 79' lang='lat' dir='ltr'><strong>dixi</strong></span> <span class='ocrx_word' id='word_1_348' title='bbox 333 3973 378 4040; x_wconf 87' lang='lat' dir='ltr'><strong>ad</strong></span> <span class='ocrx_word' id='word_1_349' title='bbox 396 3973 563 4063; x_wconf 61' lang='lat' dir='ltr'><strong>leton).</strong></span> <span class='ocrx_word' id='word_1_350' title='bbox 590 3975 698 4040; x_wconf 84' lang='lat' dir='ltr'><strong>Etiam</strong></span> <span class='ocrx_word' id='word_1_351' title='bbox 722 3974 929 4042; x_wconf 88' lang='lat' dir='ltr'><strong>lectisternia</strong></span> <span class='ocrx_word' id='word_1_352' title='bbox 952 3975 1044 4063; x_wconf 86' lang='lat' dir='ltr'><strong>apud</strong></span> <span class='ocrx_word' id='word_1_353' title='bbox 1067 3974 1270 4061; x_wconf 78' lang='lat' dir='ltr'><strong>Babylonios</strong></span> <span class='ocrx_word' id='word_1_354' title='bbox 1291 3975 1357 4040; x_wconf 93' lang='lat' dir='ltr'><strong>diis</strong></span> <span class='ocrx_word' id='word_1_355' title='bbox 1378 3976 1493 4063; x_wconf 87' lang='lat' dir='ltr'><strong>parari</strong></span> <span class='ocrx_word' id='word_1_356' title='bbox 1516 3997 1556 4040; x_wconf 81' lang='lat' dir='ltr'><strong>ex</strong></span> 
     </span>
     <span class='ocr_line' id='line_1_35' title="bbox 245 4079 1560 4163; baseline 0.002 -17"><span class='ocrx_word' id='word_1_357' title='bbox 245 4079 413 4148; x_wconf 86' lang='lat' dir='ltr'><strong>Herodoto</strong></span> <span class='ocrx_word' id='word_1_358' title='bbox 430 4087 530 4163; x_wconf 83' lang='lat'>1‚183</span> <span class='ocrx_word' id='word_1_359' title='bbox 550 4085 584 4147; x_wconf 88' lang='lat' dir='ltr'><strong>ct</strong></span> <span class='ocrx_word' id='word_1_360' title='bbox 599 4081 746 4147; x_wconf 91' lang='lat' dir='ltr'><strong>Diodoro</strong></span> <span class='ocrx_word' id='word_1_361' title='bbox 769 4081 876 4148; x_wconf 91' lang='lat' dir='ltr'><strong>siculo</strong></span> <span class='ocrx_word' id='word_1_362' title='bbox 891 4087 948 4161; x_wconf 58' lang='grc'><strong>111</strong></span> <span class='ocrx_word' id='word_1_363' title='bbox 971 4086 1117 4161; x_wconf 84' lang='lat' dir='ltr'><strong>constat;</strong></span> <span class='ocrx_word' id='word_1_364' title='bbox 1136 4081 1200 4147; x_wconf 90' lang='lat' dir='ltr'><strong>diis</strong></span> <span class='ocrx_word' id='word_1_365' title='bbox 1217 4082 1324 4148; x_wconf 88' lang='lat' dir='ltr'><strong>multa</strong></span> <span class='ocrx_word' id='word_1_366' title='bbox 1338 4080 1429 4147; x_wconf 90' lang='lat' dir='ltr'><strong>dona</strong></span> <span class='ocrx_word' id='word_1_367' title='bbox 1449 4086 1481 4148; x_wconf 90' lang='lat' dir='ltr'><strong>et</strong></span> <span class='ocrx_word' id='word_1_368' title='bbox 1502 4103 1560 4148; x_wconf 85' lang='lat' dir='ltr'><strong>sa·</strong></span> 
     </span>
     <span class='ocr_line' id='line_1_36' title="bbox 246 4187 1561 4277; baseline 0 -25"><span class='ocrx_word' id='word_1_369' title='bbox 246 4187 386 4270; x_wconf 86' lang='lat' dir='ltr'><strong>crificia,</strong></span> <span class='ocrx_word' id='word_1_370' title='bbox 405 4208 525 4274; x_wconf 85' lang='lat' dir='ltr'><strong>agnos,</strong></span> <span class='ocrx_word' id='word_1_371' title='bbox 546 4209 683 4277; x_wconf 74' lang='lat' dir='ltr'><strong>caprae,</strong></span> <span class='ocrx_word' id='word_1_372' title='bbox 702 4210 837 4270; x_wconf 89' lang='lat' dir='ltr'><strong>cervos,</strong></span> <span class='ocrx_word' id='word_1_373' title='bbox 852 4189 998 4269; x_wconf 85' lang='lat' dir='ltr'><strong>tructus,</strong></span> <span class='ocrx_word' id='word_1_374' title='bbox 1015 4190 1151 4270; x_wconf 91' lang='lat' dir='ltr'><strong>vinum,</strong></span> <span class='ocrx_word' id='word_1_375' title='bbox 1173 4189 1287 4254; x_wconf 89' lang='lat' dir='ltr'><strong>oleum</strong></span> <span class='ocrx_word' id='word_1_376' title='bbox 1301 4210 1372 4254; x_wconf 92' lang='lat' dir='ltr'><strong>esse</strong></span> <span class='ocrx_word' id='word_1_377' title='bbox 1387 4187 1501 4255; x_wconf 88' lang='lat' dir='ltr'><strong>oblata</strong></span> <span class='ocrx_word' id='word_1_378' title='bbox 1520 4211 1561 4255; x_wconf 84' lang='lat' dir='ltr'><strong>ex</strong></span> 
     </span>
     <span class='ocr_line' id='line_1_37' title="bbox 247 4294 1560 4384; baseline 0.002 -25"><span class='ocrx_word' id='word_1_379' title='bbox 247 4295 480 4362; x_wconf 88' lang='lat' dir='ltr'><strong>monumentis</strong></span> <span class='ocrx_word' id='word_1_380' title='bbox 500 4316 635 4383; x_wconf 92' lang='lat' dir='ltr'><strong>quoque</strong></span> <span class='ocrx_word' id='word_1_381' title='bbox 655 4301 688 4360; x_wconf 93' lang='lat' dir='ltr'><strong>et</strong></span> <span class='ocrx_word' id='word_1_382' title='bbox 708 4294 1006 4384; x_wconf 82' lang='lat' dir='ltr'><strong>inscriptionibus¹</strong></span> <span class='ocrx_word' id='word_1_383' title='bbox 1021 4294 1122 4361; x_wconf 91' lang='lat' dir='ltr'><strong>hodie</strong></span> <span class='ocrx_word' id='word_1_384' title='bbox 1138 4294 1286 4361; x_wconf 89' lang='lat' dir='ltr'><strong>innotuit</strong></span> <span class='ocrx_word' id='word_1_385' title='bbox 1308 4294 1365 4382; x_wconf 83' lang='lat' dir='ltr'><strong>(cl.</strong></span> <span class='ocrx_word' id='word_1_386' title='bbox 1383 4295 1471 4361; x_wconf 81' lang='lat' dir='ltr'><strong>Tr&#39;elc</strong></span> <span class='ocrx_word' id='word_1_387' title='bbox 1487 4295 1510 4362; x_wconf 94' lang='lat' dir='ltr'><strong>l.</strong></span> <span class='ocrx_word' id='word_1_388' title='bbox 1529 4317 1560 4362; x_wconf 92' lang='lat' dir='ltr'><strong>c.</strong></span> 
     </span>
    </p>
   </div>
   <div class='ocr_carea' id='block_1_12' title="bbox 247 4605 1558 4830">
    <p class='ocr_par' dir='ltr' id='par_1_13' title="bbox 247 4605 1558 4830">
     <span class='ocr_line' id='line_1_38' title="bbox 284 4605 1558 4669; baseline 0.002 -15"><span class='ocrx_word' id='word_1_389' title='bbox 284 4611 305 4654; x_wconf 83' lang='lat'><strong>¹.</strong></span> <span class='ocrx_word' id='word_1_390' title='bbox 323 4607 459 4664; x_wconf 85' lang='lat' dir='ltr'><strong>Delotlre,</strong></span> <span class='ocrx_word' id='word_1_391' title='bbox 477 4605 514 4656; x_wconf 86' lang='lat' dir='ltr'><strong>les</strong></span> <span class='ocrx_word' id='word_1_392' title='bbox 525 4605 592 4656; x_wconf 83' lang='lat' dir='ltr'><strong>deux</strong></span> <span class='ocrx_word' id='word_1_393' title='bbox 605 4605 720 4656; x_wconf 85' lang='lat' dir='ltr'><strong>derniers</strong></span> <span class='ocrx_word' id='word_1_394' title='bbox 731 4606 858 4668; x_wconf 86' lang='lat' dir='ltr'><strong>chapitres</strong></span> <span class='ocrx_word' id='word_1_395' title='bbox 876 4605 908 4656; x_wconf 93' lang='lat' dir='ltr'><strong>de</strong></span> <span class='ocrx_word' id='word_1_396' title='bbox 919 4605 1024 4663; x_wconf 79' lang='lat' dir='ltr'><strong>Daniel.</strong></span> <span class='ocrx_word' id='word_1_397' title='bbox 1039 4620 1061 4669; x_wconf 91' lang='lat' dir='ltr'><strong>p.</strong></span> <span class='ocrx_word' id='word_1_398' title='bbox 1077 4609 1108 4669; x_wconf 79' lang='lat'><strong>53</strong></span> <span class='ocrx_word' id='word_1_399' title='bbox 1123 4606 1185 4655; x_wconf 85' lang='lat' dir='ltr'><strong>baec</strong></span> <span class='ocrx_word' id='word_1_400' title='bbox 1203 4605 1309 4656; x_wconf 85' lang='lat' dir='ltr'><strong>scribit:</strong></span> <span class='ocrx_word' id='word_1_401' title='bbox 1325 4627 1338 4651; x_wconf 83' lang='grc' dir='ltr'>ι</span> <span class='ocrx_word' id='word_1_402' title='bbox 1352 4606 1558 4658; x_wconf 84' lang='lat' dir='ltr'><strong>Nabuchodono-</strong></span> 
     </span>
     <span class='ocr_line' id='line_1_39' title="bbox 248 4684 1558 4750; baseline 0.002 -16"><span class='ocrx_word' id='word_1_403' title='bbox 248 4698 301 4744; x_wconf 81' lang='lat' dir='ltr'><strong>sor,</strong></span> <span class='ocrx_word' id='word_1_404' title='bbox 314 4684 378 4734; x_wconf 85' lang='lat' dir='ltr'><strong>dans</strong></span> <span class='ocrx_word' id='word_1_405' title='bbox 393 4699 443 4735; x_wconf 89' lang='lat' dir='ltr'><strong>une</strong></span> <span class='ocrx_word' id='word_1_406' title='bbox 461 4687 492 4736; x_wconf 89' lang='grc'><strong>(16</strong></span> <span class='ocrx_word' id='word_1_407' title='bbox 510 4699 551 4736; x_wconf 88' lang='lat' dir='ltr'><strong>ses</strong></span> <span class='ocrx_word' id='word_1_408' title='bbox 571 4686 749 4749; x_wconf 81' lang='lat' dir='ltr'><strong>inscriptions.</strong></span> <span class='ocrx_word' id='word_1_409' title='bbox 768 4700 856 4736; x_wconf 83' lang='lat' dir='ltr'><strong>assure</strong></span> <span class='ocrx_word' id='word_1_410' title='bbox 877 4687 942 4750; x_wconf 84' lang='lat' dir='ltr'><strong>quit</strong></span> <span class='ocrx_word' id='word_1_411' title='bbox 957 4684 1072 4748; x_wconf 78' lang='lat' dir='ltr'><strong>deposcit</strong></span> <span class='ocrx_word' id='word_1_412' title='bbox 1082 4686 1282 4750; x_wconf 82' lang='lat' dir='ltr'><strong>jouroollement</strong></span> <span class='ocrx_word' id='word_1_413' title='bbox 1297 4699 1343 4736; x_wconf 87' lang='lat' dir='ltr'><strong>sur</strong></span> <span class='ocrx_word' id='word_1_414' title='bbox 1357 4688 1381 4739; x_wconf 86' lang='lat' dir='ltr'><strong>la</strong></span> <span class='ocrx_word' id='word_1_415' title='bbox 1396 4686 1463 4738; x_wconf 82' lang='lat' dir='ltr'><strong>table</strong></span> <span class='ocrx_word' id='word_1_416' title='bbox 1475 4689 1506 4739; x_wconf 90' lang='lat' dir='ltr'><strong>de</strong></span> <span class='ocrx_word' id='word_1_417' title='bbox 1518 4701 1558 4737; x_wconf 82' lang='lat' dir='ltr'><strong>ses</strong></span> 
     </span>
     <span class='ocr_line' id='line_1_40' title="bbox 247 4764 1554 4830; baseline 0.002 -17"><span class='ocrx_word' id='word_1_418' title='bbox 247 4764 327 4816; x_wconf 82' lang='lat' dir='ltr'><strong>dieux</strong></span> <span class='ocrx_word' id='word_1_419' title='bbox 344 4765 438 4816; x_wconf 79' lang='lat' dir='ltr'><strong>luroris</strong></span> <span class='ocrx_word' id='word_1_420' title='bbox 450 4781 484 4816; x_wconf 90' lang='lat' dir='ltr'><strong>un</strong></span> <span class='ocrx_word' id='word_1_421' title='bbox 499 4764 577 4816; x_wconf 87' lang='lat' dir='ltr'><strong>bocut</strong></span> <span class='ocrx_word' id='word_1_422' title='bbox 589 4766 680 4829; x_wconf 87' lang='lat' dir='ltr'><strong>entier,</strong></span> <span class='ocrx_word' id='word_1_423' title='bbox 695 4765 729 4815; x_wconf 89' lang='lat' dir='ltr'><strong>do</strong></span> <span class='ocrx_word' id='word_1_424' title='bbox 749 4765 863 4830; x_wconf 89' lang='lat' dir='ltr'><strong>poisson,</strong></span> <span class='ocrx_word' id='word_1_425' title='bbox 877 4766 909 4817; x_wconf 90' lang='lat' dir='ltr'><strong>de</strong></span> <span class='ocrx_word' id='word_1_426' title='bbox 925 4766 951 4817; x_wconf 83' lang='lat' dir='ltr'><strong>la</strong></span> <span class='ocrx_word' id='word_1_427' title='bbox 969 4765 1085 4828; x_wconf 84' lang='lat' dir='ltr'><strong>voleille,</strong></span> <span class='ocrx_word' id='word_1_428' title='bbox 1097 4765 1215 4829; x_wconf 79' lang='lat' dir='ltr'><strong>quantitt</strong></span> <span class='ocrx_word' id='word_1_429' title='bbox 1228 4767 1339 4818; x_wconf 84' lang='lat' dir='ltr'><strong>d&#39;eutres</strong></span> <span class='ocrx_word' id='word_1_430' title='bbox 1363 4767 1494 4828; x_wconf 86' lang='lat' dir='ltr'><strong>aliments,</strong></span> <span class='ocrx_word' id='word_1_431' title='bbox 1507 4767 1554 4816; x_wconf 88' lang='lat' dir='ltr'><strong>des</strong></span> 
     </span>
    </p>
   </div>
   <div class='ocr_carea' id='block_1_13' title="bbox 0 0 1788 5367">
    <p class='ocr_par' dir='ltr' id='par_1_14' title="bbox 0 0 1788 5367">
     <span class='ocr_line' id='line_1_41' title="bbox 0 0 1788 5367; baseline 0 0"><span class='ocrx_word' id='word_1_432' title='bbox 0 0 1788 5367; x_wconf 95' lang='lat' dir='ltr'><strong> </strong></span> 
     </span>
    </p>
   </div>
  </div>
 </body>
</html>
