3550 5367
254 286 293 345 ⁹6
789 283 865 340 Dan.
890 281 920 351 2,
944 281 1041 339 4445

255 457 366 524 neque
381 455 534 524 unquam
551 432 745 501 abolebitur
758 437 817 498 aut
828 429 998 508 interibit;
1014 450 1081 495 non
1099 430 1163 494 erit
1178 429 1263 495 sieut
1276 429 1345 496 alia
1358 453 1469 518 regna
1481 454 1569 521 quae

255 542 423 622 oriuntur,
437 540 533 606 vario
546 539 710 628 temporis
725 537 870 604 decursu
885 540 1072 615 mutantur,
1090 534 1228 601 demum
1240 535 1284 601 ab
1300 533 1570 605 aliisabsorben-

253 654 310 713 tur
328 651 524 725 etqcessaut3
543 645 639 712 nulla
663 646 791 734 quippe
812 644 875 709 erit
896 664 996 729 gens,
1019 641 1153 708 nullum
1172 640 1446 710 adversariorum
1461 667 1570 731 genus

254 755 314 842 qui
324 753 389 819 hcc
401 773 548 840 regnum
565 752 703 818 abolere
716 751 847 840 possint
859 747 1150 840 quemadmodum
1162 771 1308 834 reguum
1324 749 1569 838 babylonicum

253 865 390 940 Persae,
412 859 583 948 persicum
603 857 818 940 Macedones,
840 876 1004 942 graecum
1023 855 1167 922 Romani
1193 854 1392 922 deleverunt
1412 855 1566 946 (Matar

255 966 343 1033 unde
360 965 492 1032 ratione
505 965 626 1032 habita
640 963 859 1030 successionis
874 981 1061 1048 regnorum
1077 961 1111 1027 in
1128 983 1160 1026 v.
1181 968 1283 1029 39-'a1
1306 961 1495 1053 descriptae
1515 965 1569 1031 di-

254 1074 343 1139 citur
361 1093 453 1139 nunc
470 1093 478 1138 ε
501 1076 535 1137 et
552 1091 696 1158 regnum
713 1071 786 1136 eius
800 1069 899 1136 alteri
913 1068 1039 1158 populo
1053 1090 1121 1134 non
1138 1067 1306 1151 tradetur,
1328 1075 1365 1136 ut
1382 1070 1468 1136 illud
1489 1094 1569 1160 per-

254 1185 355 1268 petuo
375 1178 514 1244 firmum
536 1199 576 1244 ac
596 1175 717 1244 stabile
743 1176 876 1242 dicatur
894 1174 987 1264 quod
1010 1173 1106 1240 nulla
1123 1176 1276 1264 potentia
1294 1176 1448 1244 humane
1466 1180 1569 1267 possit

253 1284 427 1352 transferri
444 1305 555 1373 neque
578 1283 665 1372 eripi
683 1283 741 1349 uui
767 1283 863 1369 genti
883 1289 917 1347 et
939 1281 983 1347 ad
1004 1280 1314 1348 aliam-transmitti
1338 1305 1402 1373 pro
1426 1284 1569 1353 arbitrio

254 1393 419 1458 humano.
437 1391 599 1458 Universa
618 1411 727 1476 regna
742 1389 827 1456 haee
848 1388 1000 1478 proxime
1014 1387 1255 1474 intelliguntur
1270 1388 1311 1454 de
1325 1395 1489 1478 quattuor
1501 1391 1570 1458 illis

254 1497 387 1584 regum,
405 1502 506 1586 prout
524 1496 560 1562 in
581 1518 614 1562 v.
642 1500 683 1562 1ιὸ
705 1496 880 1561 mentione
905 1495 995 1560 faeta
1016 1500 1136 1574 testae,
1161 1494 1262 1577 ferri,
1284 1497 1389 1578 aeris,
1412 1499 1565 1584 argenti,

253 1605 328 1670 auri
343 1625 431 1692 quae
448 1602 726 1668 comminuantur
744 1598 928 1666 indubium
943 1598 1108 1666 redditur.
1128 1606 1169 1666 ht
1185 1623 1225 1666 ex
1239 1602 1312 1690 ipso
1332 1601 1398 1670 hoe
1411 1602 1568 1690 symbolo

253 1707 492 1776 destructionis
505 1713 540 1775 et
556 1707 657 1774 modo
680 1706 845 1798 loquendi
868 1707 997 1796 pariter
1009 1706 1184 1792 colligitur
1199 1707 1235 1773 in
1254 1711 1415 1796 quattuor
1427 1709 1493 1776 illis
1512 1731 1568 1774 re-

253 1816 328 1902 gnis
343 1821 520 1904 tamquam
532 1814 642 1880 forma
656 1813 809 1904 quadam
825 1811 993 1899 singulari
1008 1811 1162 1878 exhiberi
1174 1817 1208 1878 et
1219 1815 1365 1903 proponi
1379 1815 1567 1882 universim

252 1943 388 1988 omnem
403 1922 590 2011 potentiam
605 1921 792 1988 humanam
812 1923 877 1985 lleo
891 1919 1030 2008 eiusque
1047 1940 1155 2004 regno
1172 1920 1392 1987 contrariam.
1411 1921 1461 1988 hd
1476 1921 1569 2012 quod

251 2027 498 2096 declarandum
513 2028 617 2094 etiam
637 2049 705 2093 una
725 2030 835 2092 statua
850 2047 938 2115 quae
953 2026 1065 2091 subite
1079 2025 1276 2092 destruatur
1288 2029 1482 2094 assumitur.
1495 2030 1568 2096 Sic-

255 2142 292 2201 ut
304 2135 420 2224 itaque
445 2133 539 2224 apud
559 2134 644 2200 alios
661 2133 846 2222 prophetas
871 2130 1077 2222 quandoque
1099 2133 1136 2198 in
1156 2155 1225 2199 uno
1241 2133 1371 2224 populo
1391 2135 1446 2201 vel
1460 2157 1567 2221 regno

252 2262 368 2308 omnes
384 2241 441 2308 llei
460 2239 648 2308 adversarii
664 2238 905 2306 deseribuntur
926 2238 1014 2326 (vide
1035 2238 1079 2305 ad
1095 2243 1135 2305 ls.
1153 2246 1205 2321 13,
1227 2245 1283 2322 103
1302 2247 1356 2322 aa,
1377 2243 1423 2328 a),
1440 2245 1488 2308 ita
1502 2247 1567 2309 lla-

250 2348 319 2414 niel
334 2350 370 2414 in
381 2369 420 2413 ea
432 2368 620 2432 regnorum
631 2347 719 2412 serie
736 2346 914 2431 integrum
930 2346 1145 2412 hostiumllei
1160 2367 1286 2432 agmen
1298 2349 1566 2438 complectiturl.

252 2453 519 2519 Destructionem
532 2458 646 2518 autem
662 2450 858 2536 intelligere
871 2457 1004 2540 oportet
1022 2473 1063 2517 ea
1082 2453 1227 2534 ratione,
1255 2457 1292 2519 ut
1305 2476 1347 2520 ca
1364 2460 1567 2544 superentur

252 2565 284 2624 et
299 2558 477 2625 deleantur
495 2579 584 2646 quae
604 2557 713 2624 indoli
730 2557 828 2643 regni
847 2557 905 2624 llei
926 2557 1065 2624 inimica
1084 2563 1171 2625 sunt.
1195 2563 1309 2648 Neque
1332 2561 1424 2627 euim
1444 2583 1484 2628 ea
1505 2561 1567 2627 de-

251 2665 390 2732 structio
405 2664 472 2730 alio
487 2685 584 2729 sensu
598 2662 766 2752 capienda
779 2668 827 2729 cst
844 2683 948 2751 quam
964 2661 1061 2728 eade
1077 2686 1146 2753 qua
1160 2666 1197 2730 in
1211 2666 1379 2733 vaticiniis
1392 2667 1567 2734 messianis

252 2770 373 2837 erebro
393 2791 502 2836 sermo
517 2777 578 2849 est,
600 2789 678 2834 cum
695 2776 814 2855 gentes
826 2767 954 2835 iudicio
975 2769 1032 2834 [lei
1051 2775 1259 2858 prostratum
1278 2795 1316 2838 ac
1336 2771 1503 2840 deiectum
1525 2773 1568 2839 iri

252 2876 388 2945 dieitur.
407 2879 491 2942 Cum
510 2875 625 2964 itaque
639 2896 679 2940 ex
692 2875 837 2942 oraculis
850 2873 1129 2942 antecedentibus
1140 2878 1388 2967 prophetarum
1403 2880 1471 2946 iam
1487 2879 1568 2946 satis

251 2989 365 3073 pateat
389 2980 542 3050 indolem
564 2981 663 3068 regni
687 2982 744 3048 [lei
768 3001 836 3048 esse
858 2979 1069 3070 spiritualem
1091 2989 1193 3072 atque
1219 2985 1254 3049 in
1281 3007 1362 3051 vera
1383 2986 1568 3054 consistere

252 3089 427 3156 sanctitate
444 3088 535 3178 (vide
555 3109 642 3176 quae
666 3089 780 3154 notavi
802 3088 836 3154 in
859 3090 1104 3154 Commentis.
1129 3094 1189 3178 lp.
1213 3098 1289 3158 5t5.
1313 3096 1485 3181 570.11p.
1509 3098 1564 3159 61.

255 3201 328 3262 108.
354 3203 429 3262 129.
452 3201 526 3261 1a0.
545 3199 622 3261 236.
645 3199 709 3262 265
727 3201 792 3260 etc.
810 3198 873 3260 etc.
892 3191 1015 3260 adler.
1037 3200 1134 3278 3,15;
1152 3203 1272 3277 30‚19;
1296 3203 1419 3280 3¹,23;
1441 3197 1486 3264 ad
1510 3203 1565 3266 ΕΖ.

255 3309 370 3383 11,19;
394 3307 510 3380 aaa&
532 3300 639 3390 l6‚3)‚
659 3299 756 3367 facile
779 3299 997 3388 consequitur
1016 3322 1054 3365 ea
1075 3298 1302 3369 destructione
1323 3303 1495 3392 designari
1514 3306 1567 3372 in-

253 3408 390 3474 teritum
403 3407 608 3492 regnorum‘2
622 3411 791 3495 quatenus
805 3406 1001 3473 inimicitias
1013 3407 1048 3472 in
1063 3411 1168 3474 lleum
1187 3415 1363 3476 exerceant
1378 3433 1448 3477 esse
1463 3417 1568 3478 statu-

253 3523 339 3580 tum.

285 3833 307 3876 1.
322 3829 347 3876 S.
368 3826 460 3887 Chius.
476 3825 566 3873 notat:
582 3842 593 3864 a
611 3821 642 3872 de
657 3822 718 3886 ipsis
736 3825 876 3885 quaeretur
896 3822 1028 3886 quouredo
1043 3824 1092 3874 iarn
1111 3825 1236 3874 exstinctu
1254 3839 1332 3888 regna
1349 3827 1483 3878 destruat?
1500 3830 1563 3894 quia
1590 3856 1593 3862 ·

254 3905 373 3956 nimirum
389 3903 499 3956 destruit
510 3903 560 3953 alia
575 3915 651 3966 regna
661 3901 687 3951 in
702 3901 797 3966 quibus
810 3902 871 3952 haec
885 3901 1049 3953 continentur
1062 3925 1083 3953 ιι.

284 3994 306 4036 2.
320 3987 379 4047 tel,
393 3989 421 4036 ut
435 3987 494 4035 Per.
508 3982 638 4047 explieat:
657 4001 669 4026 a
682 3981 814 4031 destructa
824 3986 885 4031 sunt
902 3983 988 4032 orrrnia
1003 3997 1108 4046 regnae
1125 3985 1241 4043 Christo,
1258 3999 1309 4036 non
1324 4001 1413 4038 eversa
1429 3991 1563 4053 temporali

252 4080 341 4115 eorum
352 4065 540 4120 dominatione.
556 4061 600 4112 sed
612 4061 713 4112 sublata
730 4061 874 4111 idololatria
889 4063 1026 4128 excisoque
1040 4064 1171 4114 daemonis
1182 4066 1301 4131 imperio,
1315 4068 1357 4116 cui
1368 4067 1411 4118 illa
1425 4074 1498 4120 erant
1509 4070 1567 4122 suh

253 4147 330 4203 lecta,
351 4159 396 4196 nee
410 4143 552 4208 putandum
572 4145 611 4192 est
629 4143 677 4192 hec
697 4155 753 4191 esse
776 4141 872 4190 laetum
887 4142 914 4192 in
929 4143 1048 4193 omnibus
1062 4146 1146 4205 regnis
1164 4145 1240 4194 simul
1261 4150 1285 4196 et
1308 4161 1359 4196 uno
1378 4153 1505 4211 teumcre,
1522 4151 1566 4202 sed

253 4226 384 4290 paullathn
398 4231 423 4275 et
432 4239 476 4289 per
488 4225 559 4274 varia
572 4226 716 4286 temporum
728 4221 878 4282 intervalla,
890 4237 959 4272 nunc
971 4224 1011 4273 his
1023 4238 1090 4273 nunc
1101 4224 1153 4274 illis
1168 4226 1250 4286 regnis
1265 4224 1297 4275 ad
1312 4227 1385 4277 tidem
1400 4229 1496 4280 Christi
1507 4245 1567 4281 eon-

253 4306 334 4356 versis
349 4321 371 4354 a.
387 4306 451 4354 Dein
464 4304 582 4359 attende.
596 4306 673 4367 prout
687 4315 763 4366 saepe
780 4303 803 4351 in
819 4302 943 4362 oraculis,
960 4303 996 4351 ita
1012 4303 1054 4352 hie
1068 4317 1171 4368 quoque
1187 4319 1301 4356 normam
1317 4311 1446 4359 enuntiari
1461 4325 1565 4374 genera·

253 4386 318 4448 lem,
332 4400 382 4449 qua
394 4384 501 4434 victoria
512 4383 608 4436 Christi
623 4383 649 4432 iu
663 4382 813 4432 universum
823 4384 947 4432 asseritur
958 4387 984 4432 et
995 4397 1041 4446 pro
1052 4383 1143 4433 ultimo
1155 4398 1242 4434 rerum
1251 4388 1365 4438 emnium
1376 4394 1469 4440 eventu
1481 4395 1506 4440 et
1516 4392 1567 4440 exi·

253 4474 292 4518 tu.
305 4467 369 4515 lluie
381 4465 504 4514 victoriae
524 4477 573 4514 non
588 4463 672 4513 obstat
686 4462 757 4528 quod
771 4463 884 4513 Ecclesia
905 4463 999 4513 Christi
1018 4463 1115 4514 {nolitia
1134 4464 1266 4516 hominum
1281 4469 1356 4517 etiam
1371 4469 1414 4519 diu
1430 4472 1566 4521 vexationi-

255 4548 303 4597 bus
318 4544 481 4602 subiiciatur;
494 4557 592 4606 semper
612 4543 701 4592 valet:
723 4541 850 4596 confidite,
866 4555 912 4604 ege
927 4543 977 4590 vici
994 4542 1130 4593 muudum.
1147 4545 1248 4594 Dicitur
1263 4547 1318 4597 scil.
1340 4536 1455 4599 Christus
1476 4551 1567 4601 vicisse

256 4626 379 4678 trundum
393 4629 417 4674 et
429 4624 591 4681 daemonem
606 4623 663 4672 iude
675 4636 726 4672 non
740 4623 857 4685 sequitur
869 4621 994 4671 trundum
1007 4626 1032 4672 et
1043 4622 1191 4674 daemonem
1201 4625 1251 4676 iam
1263 4627 1345 4677 nullas
1358 4629 1441 4679 moliri
1451 4645 1568 4694 persecu·

256 4709 342 4758 tiones.
356 4705 450 4756 Eadem
462 4703 540 4768 igitur
555 4703 655 4752 ratione
670 4701 852 4752 consideranda
868 4706 930 4752 sunt
944 4701 1047 4752 oracula
1061 4705 1254 4768 prophetarum.

1753 4616 1754 4699 l

1752 4818 1754 4924 l
