3550 5367
240 246 277 304 u
797 247 874 306 uin.
900 249 928 319 r,
948 245 1004 305 ee

242 396 359 456 Misach
378 414 446 457 esse
464 413 557 474 posse
572 396 701 457 nomina
715 414 733 455 a
745 373 927 474 Babyloniis
943 396 1115 469 efformata,
1129 396 1183 457 sed
1197 397 1276 458 terte
1291 397 1551 477 transscriptione

239 493 387 555 hebraica
402 494 579 556 immutata.
1196 520 1199 525 ·

283 660 325 721 At
339 677 415 721 oum
440 654 575 724 nomine
598 653 782 741 babylonio
804 654 947 722 minime
970 653 1158 720 induerunt
1178 656 1308 721 animos
1331 647 1549 741 babyloniae,

239 761 374 828 Daniele
389 762 474 827 duce
493 765 526 827 et
542 777 677 827 suasore
693 761 810 847 legum
832 760 1028 828 divinarum
1048 766 1308 850 permanserunt
1324 760 1554 828 observantis-

228 868 316 935 simi
339 890 370 935 v.
396 873 416 934 8
440 896 455 929 a
477 867 659 957 proposuit
678 878 795 933 antem
818 866 944 933 Daniel
962 868 999 933 in
1020 866 1119 935 eorde
1137 890 1198 933 scta
1220 888 1262 934 ne
1275 866 1491 957 pollueretur
1511 864 1553 933 de

239 996 354 1041 mensa
370 976 457 1064 repis
472 996 579 1064 neque
597 973 638 1040 cle
654 974 732 1040 aino
742 988 846 1063 potus
861 974 932 1040 eius
951 985 984 1040 ct
1005 974 1139 1063 ropaoit
1157 974 1390 1041 coniectorum
1406 994 1553 1063 praepo-

240 1084 340 1147 situm
355 1103 396 1147 ne
413 1080 733 1147 contaminaretur»
747 1102 754 1162 ;
771 1118 816 1131 —-
834 1082 858 1147 i.
878 1103 909 1147 e.
927 1088 965 1147 ut
983 1080 1048 1146 sihi
1069 1081 1168 1170 copia
1182 1080 1281 1146 detur
1296 1080 1553 1147 contaminatio·

236 1201 319 1253 'nem
343 1187 440 1253 illam
464 1188 541 1274 lege
564 1188 676 1277 patria
696 1186 906 1276 prohibitam
936 1186 1099 1254 evitandi.
1125 1191 1172 1252 Ex
1192 1186 1269 1273 lege
1293 1186 1555 1275 pentateuchioa

244 1294 336 1359 varia
361 1292 656 1359 interdicebantur
682 1315 769 1382 quae
798 1293 841 1359 ab
868 1294 943 1361 aliis
971 1293 1132 1380 gentibus
1160 1291 1427 1359 comedebantur
1450 1314 1483 1360 v.
1515 1314 1550 1379 g.

240 1399 386 1489 lepores,
415 1420 505 1479 sues,
527 1399 701 1485 anguillae
723 1400 778 1487 (cl.
800 1404 877 1465 Lev.
901 1406 1063 1480 rat-19.
1088 1404 1185 1467 Deut.
1210 1405 1287 1480 na
1308 1397 1396 1487 seq.)
1418 1398 1551 1488 adipes,

239 1506 377 1592 sanguis
406 1505 497 1593 (LeV.
518 1512 614 1588 3,1r;
644 1512 722 1585 723
744 1526 813 1595 seq.
843 1504 1045 1596 17,1o-1t);
1071 1513 1250 1596 praeterea
1276 1506 1311 1571 ia
1334 1504 1436 1572 modo
1462 1504 1555 1570 cibos

240 1610 397 1701 parandi,
415 1613 451 1678 in
473 1612 559 1679 vasis
582 1612 680 1678 lacile
699 1610 831 1701 aliquid
853 1612 1020 1677 committi
1038 1614 1150 1701 potuit
1170 1634 1239 1701 quo
1257 1610 1492 1678 immundities
1508 1611 1554 1677 le-

241 1718 328 1805 galis
349 1719 498 1786 oriretur
521 1718 579 1806 (ei.
609 1724 686 1785 Lev.
715 1717 907 1806 11,ao-38);
937 1740 1043 1807 quare
1073 1741 1135 1808 pro
1157 1741 1219 1785 sua
1244 1717 1413 1815 religione
1440 1716 1555 1784 ludaei

241 1824 349 1891 eidem
365 1843 443 1892 cum
460 1824 620 1912 gentibus
633 1846 768 1892 mensae
787 1823 991 1891 accumbere
1012 1825 1232 1906 verebantur,
1248 1823 1284 1891 id
1303 1823 1396 1915 quod
1417 1846 1458 1890 ex
1479 1824 1551 1892 Gal.

242 1938 322 2013 212
337 1954 472 2023 quoque
487 1932 687 1999 illustratur.
704 1936 893 2013 Praeterea,
914 1930 973 1997 etsi
991 1953 1059 1997 non
1073 1954 1219 2021 semper,
1236 1937 1273 1998 at
1289 1932 1422 2020 saepius
1441 1936 1555 1997 tamen

242 2040 390 2131 suspicio
414 2039 535 2107 haberi
564 2043 712 2129 poterat,
739 2058 781 2103 ne
808 2036 876 2104 cibi
904 2044 1159 2127 apponerentur
1177 2060 1217 2104 ex
1239 2037 1414 2105 sacrificiis
1435 2036 1556 2103 oblatis

244 2145 296 2211 vel
311 2146 432 2214 ritihus
444 2145 663 2213 idololatr-icis
676 2144 879 2221 consecrati;
894 2142 1034 2210 demum
1054 2146 1243 2231 generatim
1261 2146 1405 2211 maxime
1422 2142 1558 2209 consul-

242 2257 315 2319 tum
331 2259 404 2319 erat
421 2278 441 2320 a
457 2274 574 2320 mensa
588 2251 767 2339 gentilium
782 2250 969 2328 abstinere3
989 2272 1082 2331 nam,
1097 2258 1136 2318 ut
1154 2250 1268 2317 Estins
1282 2250 1439 2331 advertit,
1458 2277 1475 2311 a
1496 2249 1557 2338 qui

244 2357 466 2427 comedebant
486 2382 563 2426 eum
584 2357 771 2444 gentilibus
799 2356 904 2441 vulgo
925 2356 1152 2423 censebantur
1171 2357 1293 2424 iisdem
1315 2358 1366 2423 uti
1386 2356 1472 2423 cibis
1496 2378 1556 2422 neo

245 2465 373 2532 habere
393 2464 572 2531 discrimen
590 2464 759 2545 ciborum,
777 2462 910 2529 etiamsi
927 2463 1016 2529 forte
1039 2463 1184 2530 studiose
1205 2464 1249 2530 ab
1273 2465 1314 2531 iis
1330 2464 1554 2543 abslInerent,

245 2593 332 2660 quae
346 2571 423 2656 lege
437 2571 539 2636 vetita
552 2575 675 2647 essent3
690 2568 768 2635 ideo
783 2567 828 2633 ad
841 2567 1038 2635 scandalum
1053 2570 1171 2662 populi
1189 2571 1241 2636 sui
1261 2569 1437 2637 vitandum
1456 2569 1558 2636 debe-

246 2676 329 2742 bant
351 2677 468 2743 Daniel
494 2682 526 2741 et
550 2675 629 2742 socii
653 2696 688 2740 se
712 2674 915 2741 subtrahere
939 2676 1066 2742 mensis
1087 2676 1283 2763 gentilium,
1299 2678 1386 2743 sicut
1406 2677 1559 2743 fecerunt

248 2783 351 2849 etiam
365 2781 484 2851 Tobias
495 2781 650 2849 etludith
668 2808 698 2846 ».
714 2785 829 2869 Neque
842 2802 883 2846 ea
897 2782 1022 2869 religio
1038 2783 1106 2849 ullo
1118 2789 1217 2873 paeto
1231 2782 1394 2850 indicium
1412 2790 1461 2849 cst
1474 2786 1558 2848 tem-

247 2890 337 2978 poris
357 2890 567 2980 posterioris,
591 2908 672 2955 nam
693 2886 785 2953 idem
809 2886 912 2953 timor
934 2890 1230 2957 contaminationis
1250 2890 1321 2956 iam
1342 2888 1513 2955 indicatur
1526 2893 1559 2954 et

248 2995 367 3063 eadem
399 2996 448 3063 rei
482 2996 668 3083 indignitas
696 3015 760 3084 pro
786 2994 914 3083 populo
938 2995 1147 3063 theocratico
1169 2996 1373 3085 exprimitur
1395 2998 1432 3062 in
1457 2995 1559 3061 minis

220 3129 223 3147 r
250 3101 342 3192 apud
357 3106 436 3170 Osee
452 3126 459 3168 :
477 3108 510 3169 et
525 3103 561 3169 in
575 3102 717 3188 Assyriis
734 3100 904 3190 pollutum
918 3102 1067 3172 comedit
1082 3103 1152 3192 (9,3
1170 3103 1258 3192 seq.)
1274 3108 1307 3170 el
1322 3100 1413 3192 apud
1431 3108 1531 3169 Amos
1548 3123 1556 3169 :

249 3198 282 3273 el
304 3214 342 3275 tu
366 3210 401 3275 in
425 3215 518 3275 terra
540 3208 671 3299 polluta
695 3204 852 3273 morieris
876 3206 984 3298 (Mi)
1004 3216 1037 3276 et
1056 3207 1149 3299 apud
1169 3209 1404 3277 Ezechielem:
1421 3230 1491 3275 non
1510 3212 1559 3274 est

248 3317 401 3403 ingressa
416 3317 451 3381 in
476 3338 512 3382 os
531 3336 644 3381 meum
664 3313 775 3381 omnis
797 3336 876 3381 earo
891 3316 1073 3381 immunda
1095 3316 1211 3405 (lidi).
1227 3315 1319 3383 Unde
1342 3321 1434 3405 patet
1455 3336 1559 3404 quam

247 3422 418 3490 immerito
439 3443 577 3488 cernere
597 3422 701 3487 velint
720 3420 827 3511 aliqui
850 3444 888 3488 ea
908 3422 944 3487 in
962 3422 1181 3488 observantia
1198 3423 1377 3508 vestigium
1397 3422 1559 3510 temporis

249 3528 473 3596 machabeici.

297 3665 311 3697 α
329 3636 551 3723 Simulatque
569 3634 686 3701 divina
700 3635 859 3725 persequi
879 3634 1115 3713 instituerunt,
1133 3635 1245 3701 statim
1262 3635 1378 3702 divino
1398 3637 1560 3702 fruuntur

250 3742 375 3809 auxilie
394 3770 409 3801 n
432 3739 585 3831 (ineat.)
601 3764 632 3807 v.
651 3748 670 3808 9
689 3772 703 3801 a
720 3741 945 3809 dedicantem
964 3743 1053 3807 Dacis
1070 3741 1206 3808 Danieli
1217 3742 1367 3831 qratiam
1384 3742 1560 3809 etmiscri-

250 3848 399 3917 cordiam
423 3848 458 3914 in
483 3860 662 3939 conspectu
683 3848 847 3938 principis
875 3847 1128 3929 criniculorum,
1150 3872 1184 3917 v.
1209 3856 1250 3916 10
1273 3862 1306 3916 ct
1332 3848 1383 3916 ait
1399 3850 1560 3939 prinecps

251 3956 482 4023 ctrnnclrorurn
508 3954 556 4022 acl
572 3955 749 4022 Danielem
771 3976 783 4023 .·
804 3954 905 4021 timeo
937 3977 997 4045 eqo
1022 3954 1200 4023 dominum
1227 3980 1341 4023 nterim
1365 3979 1478 4047 reqcrn
1499 3956 1562 4045 qni

250 4062 422 4130 constitnit
447 4062 538 4129 oolr’s
565 4060 678 4129 oibznn
699 4074 731 4128 et
748 4074 888 4150 potunt;
902 4063 965 4150 qai
982 4063 1013 4129 si
1030 4062 1153 4130 uiderit
1175 4064 1289 4130 vultus
1307 4076 1431 4130 uestros
1453 4064 1560 4131 maci-

248 4168 403 4235 lentiores
417 4172 635 4259 praetuleris
657 4168 923 4235 adolescentibus
943 4171 1074 4235 coacois
1091 4170 1206 4237 vestras
1222 4169 1487 4238 condemnabitis
1504 4193 1561 4235 cu·

243 4288 311 4367 pat
333 4298 444 4341 mettin
463 4276 586 4365 repit!
604 4274 709 4343 -ad
734 4280 839 4342 Deum
862 4279 1036 4342 auctorem
1060 4277 1206 4342 retertur
1229 4278 1322 4364 quod
1348 4278 1561 4367 praepositus

248 4383 482 4449 cunuchorum
501 4383 762 4471 postulationem
777 4381 923 4449 Danielis
934 4403 1004 4447 non
1022 4380 1107 4448 dure
1126 4382 1261 4449 reiecit1
1278 4385 1331 4450 vel
1345 4404 1424 4451 cum
1441 4389 1560 4452 contu-

282 4614 302 4655 ι.
317 4606 392 4655 Notat
404 4606 494 4657 sanct.
507 4620 516 4654 :
528 4624 540 4649 r
552 4618 700 4657 sumensere
715 4620 764 4657 noo
781 4603 909 4655 iinmerito
923 4604 1047 4667 potuisset
1063 4603 1180 4669 prinecps
1194 4604 1304 4667 Danieli,
1314 4604 1378 4671 quid
1393 4606 1487 4670 regiam
1496 4620 1560 4657 rnn-

250 4689 375 4736 temncret
389 4684 566 4737 liberalitatem
582 4690 608 4735 ct
618 4684 717 4737 oblatos
730 4685 799 4737 cilios
811 4685 935 4737 iudicaret
948 4684 1097 4736 immundos
1112 4703 1136 4735 i.
