3550 5367
737 343 816 402 Dan.
841 344 888 413 13,
913 344 967 402 6-7
1455 339 1514 400 329

248 487 389 550 Advertit
400 491 432 552 S.
452 493 533 551 Hier.
551 510 562 550 .·
579 515 592 544 o
609 491 766 552 referebat
781 493 942 554 Hebraeus
957 493 1035 552 istos
1050 509 1119 553 esse
1135 492 1223 552 Abab
1235 497 1266 552 et
1277 491 1461 565 Sedeoinm,
1475 490 1514 552 de

205 587 323 664 quibus
339 587 448 664 scribit
464 589 617 650 Ieremias
635 609 641 648 :
656 591 794 652 societte
809 590 1064 650 Dominussicut
1079 589 1167 650 ahab
1183 592 1216 649 et
1229 588 1393 650 Sedeciam
1409 613 1424 644 o
1442 587 1513 669 (ier.

207 683 330 762 29,2⁹l);
346 685 490 749 eiusdem
503 679 692 748 ludaeorum
708 687 868 766 opinionis
880 687 1080 748 mentionem
1094 687 1169 746 iacit
1182 687 1215 746 in
1229 685 1459 747 commentario
1475 685 1514 745 nd

203 783 264 841 ier.
282 783 423 865 miei
436 784 591 862 Origenes
605 801 731 863 quoqne
742 788 848 846 narrat
858 785 919 845 sibi
930 785 970 845 ab
983 784 1109 846 erudito
1119 785 1274 857 Hebraeo,
1287 784 1352 856 tilio
1362 785 1420 845 viri
1430 783 1515 862 apud

202 895 260 939 eos
282 879 435 957 sapientis
460 881 547 942 idem
572 882 691 943 dictum
714 899 783 942 esse
803 883 866 964 (ep.
888 883 928 942 nd
943 882 1037 942 Atrio.
1053 901 1087 942 n.
1103 886 1137 957 ἲς
1154 886 1185 943 et
1199 900 1231 942 n.
1248 884 1267 941 8
1287 883 1386 942 refert
1401 882 1440 942 ab
1453 881 1515 941 alio

209 977 353 1038 Hebraeo
369 977 495 1039 dictum
511 995 580 1040 esse
597 997 690 1040 senes
703 979 792 1055 illos,
809 979 848 1042 de
863 981 978 1058 quibus
988 979 1116 1052 Daniel,
1131 979 1322 1041 mulieribus
1337 978 1452 1040 vitium
1465 979 1515 1037 in-

204 1073 316 1134 tulisse
330 1075 524 1139 affirmantes
536 1077 597 1138 sibi
611 1077 719 1139 datum
734 1093 803 1139 esse
816 1094 981 1158 procreare
996 1076 1158 1139 Christum
1170 1082 1203 1137 et
1215 1094 1253 1138 eo
1267 1077 1434 1138 mendacio
1449 1094 1516 1136 mu-

203 1171 304 1232 lieres
318 1189 386 1232 esse
402 1172 573 1254 deceptas).
586 1175 704 1237 Verum
718 1175 864 1254 plerique
878 1192 946 1235 earn
967 1177 1156 1236 sententiam
1172 1175 1242 1235 loco
1258 1174 1383 1236 tabulae
1399 1173 1517 1233 habent

206 1273 241 1328 et
253 1268 425 1346 repudiant
437 1271 487 1350 (ol.
505 1272 604 1333 bald.
617 1275 687 1335 Per.
701 1275 806 1336 Saoct.
822 1275 910 1337 Laos.
922 1273 1020 1333 Cotm.
1031 1271 1137 1333 Estius
1147 1273 1186 1333 ad
1201 1275 1261 1332 ler.
1274 1275 1367 1343 2932
1376 1273 1516 1348 itemque

202 1383 308 1464 Lupa),
322 1401 392 1446 earn
406 1391 536 1450 tuentur
549 1389 701 1466 Lyrnesus,
721 1388 784 1450 Tir.
799 1393 831 1450 et
844 1405 881 1449 err
896 1388 1127 1450 recentioribus
1146 1388 1332 1450 Wiederbolt
1344 1387 1517 1467 (Tiibinger

205 1481 445 1553 Quartalsehrilt
461 1486 538 1546 1869
552 1505 583 1565 p.
600 1487 659 1548 395
677 1488 757 1565 seq.)
773 1491 804 1548 el
822 1485 883 1548 Tir.
901 1491 1010 1548 monet
1024 1487 1131 1547 omnia
1145 1486 1285 1565 perbelle
1300 1485 1515 1564 respondere:

207 1601 223 1634 «
245 1581 370 1660 utrique
393 1583 478 1644 enim
499 1581 657 1663 degebant
675 1585 850 1664 Babylone,
872 1585 999 1662 utrique
1017 1588 1163 1663 temporo
1183 1583 1516 1655 Nabuchodonosoris,

206 1678 332 1755 utrique
350 1681 536 1756 mendaces,
552 1681 678 1760 utrique
693 1682 843 1752 adulteri,
859 1683 987 1760 utrique
1003 1683 1043 1743 ob
1057 1682 1212 1743 adulteria
1227 1680 1382 1760 supplicio
1397 1678 1516 1748 allecti,

207 1776 352 1852 utrisque
371 1777 491 1840 dictum
506 1797 524 1838 a
539 1781 605 1840 Deo
626 1797 633 1839 :
650 1798 708 1859 ego
723 1798 794 1840 sum
808 1779 902 1840 iudex
917 1782 949 1840 et
967 1780 1073 1852 testis;
1090 1796 1194 1857 neque
1210 1783 1366 1858 repugnat
1382 1776 1519 1856 prophe

209 1877 255 1932 tas
270 1873 366 1952 deligi
383 1875 413 1935 in
427 1875 562 1944 iudices,
581 1893 685 1954 neque
697 1881 851 1956 repugnat
865 1875 989 1938 iudices
1003 1881 1070 1937 tarn
1083 1877 1222 1936 enormis
1237 1876 1380 1937 criminis
1395 1875 1519 1936 convic-

210 1973 260 2030 tos
275 1972 313 2032 ad
328 1973 465 2035 tribunal
481 1973 801 2036 Nabuchodonosoris
817 1975 939 2035 delatos
955 1991 1024 2035 esse
1040 1999 1068 2033 ».
1086 1974 1189 2035 Simili
1204 1974 1300 2034 modo
1314 1973 1418 2051 argnrit
1438 1970 1519 2032 Wie-

207 2067 343 2144 derbolt,
360 2071 490 2132 eosdem
506 2078 538 2132 et
552 2071 723 2151 prophetas
736 2077 768 2133 et
781 2072 905 2132 iudices
920 2089 990 2132 esse
1005 2073 1162 2150 potuisse,
1177 2089 1281 2150 neque
1296 2072 1421 2132 obstare
1435 2070 1519 2148 quod

211 2167 297 2244 apud
319 2167 489 2230 Ieremiam
511 2187 529 2232 a
548 2188 620 2249 rege
641 2171 823 2249 puniantur,
841 2168 893 2232 hic
906 2188 982 2231 vero
1002 2171 1154 2249 apopulo
1174 2169 1356 2230 interiectos
1374 2185 1429 2229 eos
1451 2184 1520 2228 esse

212 2263 354 2340 dicatur3
368 2284 443 2327 nam
459 2269 671 2330 narrationem
686 2268 731 2328 ita
747 2267 896 2346 explicari
908 2285 1018 2346 posse,
1035 2267 1221 2346 utpopulus
1238 2285 1293 2327 eos
1310 2266 1518 2339 accusaverit,

208 2378 263 2422 rex
279 2379 352 2424 vero
370 2381 423 2426 eos
439 2365 551 2426 mortis
567 2365 774 2426 damnaverit.
790 2365 892 2426 Obiici
908 2365 1040 2442 quidem
1055 2365 1175 2427 iudices
1190 2364 1248 2426 hos
1263 2381 1333 2426 esse
1348 2363 1519 2443 lapidatos3

212 2477 285 2520 eam
300 2461 383 2522 enim
397 2479 535 2541 poenam
547 2463 703 2524 adulterio
716 2480 785 2524 esse
799 2464 997 2542 propositam
1011 2463 1114 2542 (Dent.
1129 2463 1231 2535 2224.
1247 2465 1299 2524 ΕΖ.
1315 2463 1417 2534 16,40.
1434 2461 1519 2522 ioan.

212 2557 275 2631 8,5.
294 2557 324 2637 7)
338 2563 370 2619 et
389 2577 460 2620 cum
475 2563 573 2620 testes
592 2561 761 2622 mendaces
777 2560 862 2622 idem
877 2560 1068 2639 supplicium
1088 2561 1194 2623 subire
1210 2560 1378 2621 debuerint
1392 2558 1478 2638 quod
1494 2557 1521 2618 si

212 2657 371 2716 accusatio
386 2675 459 2718 vera
473 2657 585 2718 fuisset
599 2675 654 2718 reo
669 2658 780 2720 luisset
795 2659 1011 2735 subeundum,
1025 2664 1111 2720 recte
1125 2657 1270 2721 concludi
1287 2675 1342 2719 eos
1357 2675 1426 2718 esse
1440 2657 1520 2734 lapi·

217 2751 316 2814 datos.
338 2754 385 2814 Ad
403 2754 487 2832 quod
507 2772 674 2834 perperam
694 2756 819 2833 aliquos
838 2756 1030 2835 respondere
1050 2772 1104 2816 eos
1122 2760 1214 2816 antea
1230 2773 1299 2816 esse
1319 2755 1477 2834 lapidatos
1492 2759 1522 2815 et

211 2847 285 2910 dein
302 2849 397 2916 lrirms
410 2853 481 2931 igne
494 2853 544 2912 val
559 2853 687 2913 nornine
701 2851 783 2931 ignis
797 2870 924 2914 omnem
940 2860 1076 2913 mortem
1091 2853 1250 2932 designari
1264 2853 1450 2927 violentam;
1467 2853 1521 2912 sed

212 2949 391 3010 narratione
407 2950 492 3028 apud
509 2949 673 3011 Danielem
688 2951 790 3011 solum
807 2949 869 3011 dici
883 2969 937 3012 eos
952 2970 970 3012 a
988 2951 1106 3029 populo
1121 2968 1189 3011 esse
1204 2950 1402 3022 interlectos,
1418 2967 1525 3027 neque

211 3049 318 3106 tamen
332 3063 394 3123 qua
407 3051 509 3108 morte
518 3065 526 3122 ;
541 3051 573 3107 et
588 3047 659 3108 loco
673 3050 764 3108 Deut.
782 3049 871 3118 litio
885 3065 952 3126 seq.
968 3047 1132 3120 satisfieri,
1147 3047 1173 3107 si
1189 3047 1311 3108 iudices
1323 3047 1436 3106 mortis
1451 3061 1525 3124 poe·

210 3159 283 3202 nam
299 3144 468 3216 subierint3
486 3162 549 3222 quo
566 3145 646 3205 lacto
662 3144 725 3206 dici
746 3146 889 3223 potuisse
905 3145 1059 3205 cumillis
1074 3149 1181 3206 actum
1200 3161 1269 3203 esse
1286 3142 1462 3204 secundum
1476 3143 1523 3202 le-

211 3256 285 3318 gem
304 3242 430 3320 Moysis.
447 3243 526 3303 Huic
541 3243 687 3320 quidem,
703 3244 749 3304 uti
766 3243 921 3316 vidimus,
937 3242 1075 3303 Danielis
1089 3247 1174 3302 aetas
1191 3258 1255 3302 non
1269 3243 1387 3313 obstat;
1404 3247 1524 3302 etcum

210 3337 347 3398 Hebraei
368 3339 402 3399 in
419 3340 582 3402 eiusmodi
606 3341 702 3402 rebus
723 3340 880 3418 tingendis
904 3339 969 3400 sint
991 3341 1121 3400 omnino
1144 3340 1339 3417 frequentes,
1361 3337 1524 3400 traditioni

209 3451 322 3495 eorum
336 3455 447 3514 parum
464 3439 548 3498 inest
562 3439 731 3517 ponderis;
750 3439 824 3498 dein
843 3440 905 3499 ler.
921 3439 1014 3512 9933
1028 3437 1089 3497 alia
1104 3437 1304 3515 assignantur
1319 3437 1467 3509 crimina,
1484 3437 1525 3496 ob

209 3549 290 3610 quae
305 3552 323 3594 a
336 3535 400 3596 ileo
413 3535 566 3596 traditum
582 3535 620 3596 iri
636 3537 783 3598 dicuntur
795 3537 827 3595 in
843 3553 956 3596 manus
970 3535 1272 3607 Nabuchodonosor,
1287 3534 1441 3596 adulteria
1453 3533 1521 3593 scil.

208 3647 282 3692 curn
298 3631 447 3693 uxoribus
463 3634 638 3696 amicorum
653 3633 827 3694 commissa
841 3637 873 3693 et
894 3634 1023 3694 oracula
1040 3633 1206 3693 mendacia
1224 3650 1307 3710 quae
1326 3632 1454 3692 nomine
1467 3631 1523 3691 Dei

208 3726 382 3802 ediderint;
394 3729 447 3790 hic
460 3733 568 3791 autem
584 3731 774 3792 damnantur
786 3732 826 3791 ob
839 3731 954 3805 salsum
969 3730 1189 3792 testimonium
1200 3736 1310 3790 contra
1322 3731 1523 3790 innocentem

210 3825 341 3887 dietum.
358 3827 457 3899 Quare
472 3829 526 3888 illa
541 3829 699 3889 sententia
712 3846 775 3888 non
791 3829 922 3890 ridetur
937 3846 1007 3889 esse
1020 3828 1203 3907 probabilis.
1215 3862 1254 3871 —
1270 3829 1305 3887 ln
1321 3828 1371 3888 ed.
1386 3827 1452 3887 ber.
1467 3843 1523 3905 ap-

207 3922 364 4000 pellantur
378 3925 471 3985 nmio
488 3930 519 3986 et
533 3925 624 3986 aoid.

257 4113 353 4176 Notat
369 4111 565 4177 Ammonius
583 4111 671 4178 bene
698 4111 764 4179 dici
786 4099 908 4175 ἐδόκουν
926 4103 1084 4201 κυὸερνᾶη
1105 4111 1217 4202 specie
1237 4110 1328 4177 enim
1348 4110 1436 4178 visos
1453 4134 1524 4181 esse

209 4214 479 4302 gubernatores,
501 4222 634 4285 atvero
655 4219 785 4286 animas
806 4219 1031 4309 obsequentes
1051 4217 1254 4285 immersisse
1274 4216 1471 4304 naufragio;
1488 4220 1523 4287 in

208 4323 354 4388 veritate
374 4324 483 4405 eninr,
503 4330 539 4389 ut
561 4323 636 4390 Alo.
652 4329 761 4403 notat,
783 4346 853 4391 non
874 4330 1051 4408 rexerunt,
1072 4323 1131 4390 sed
1154 4329 1394 4413 perverterunt
1412 4347 1523 4415 popu-

206 4427 303 4511 lnm;
324 4434 358 4497 at
381 4452 457 4497 eam
478 4453 561 4519 prae
584 4453 620 4498 se
643 4430 800 4498 ferebant
825 4431 1030 4518 gravitatem
1054 4432 1091 4498 in
1116 4453 1191 4514 ore,
1214 4452 1290 4497 eam
1313 4431 1350 4497 in
1371 4432 1524 4499 moribus

206 4536 403 4603 simulatam
418 4537 643 4620 sanctitatem,
660 4543 699 4604 ut
713 4539 795 4604 alios
811 4538 1012 4604 viderentur
1024 4539 1061 4602 in
1081 4539 1175 4603 omni
1196 4537 1308 4605 oificio
1328 4561 1367 4604 ac
1387 4560 1521 4605 morum

206 4641 408 4729 integritate
428 4644 610 4725 servaturi;
625 4643 683 4710 sed
700 4651 773 4711 erat
789 4645 949 4711 simulata
963 4642 1122 4710 sanctitas
1135 4644 1296 4732 (Senot).
1312 4645 1393 4712 Aliis
1411 4645 1523 4735 placet

206 4747 381 4837 explicare
401 4770 408 4817 :
428 4749 485 4838 qui
502 4749 566 4816 sibi
582 4749 712 4839 aliquid
727 4772 798 4818 esse
818 4749 1038 4818 videbantur.
1054 4749 1105 4816 ad
1118 4751 1180 4817 hos
1192 4750 1322 4819 iudices
1339 4751 1524 4818 veniebant
