3550 5367
748 321 826 380 Dru.
852 322 900 392 la,
924 321 996 380 5-11
1467 317 1526 378 347

256 471 395 534 Tantum
410 465 647 536 Theodotionis
665 469 708 536 de
726 469 858 536 vivente
877 472 945 536 Deo
963 490 1036 536 esse
1056 467 1321 558 praeferendum
1337 473 1526 557 patetque

211 597 279 664 que
298 595 338 640 en
357 576 553 665 quaestione
572 581 604 642 et
619 582 822 663 argumento
836 577 947 663 regis3
965 599 1005 642 ex
1021 575 1226 642 comestione
1243 575 1336 640 enim
1351 580 1442 640 certe
1457 578 1534 641 non'

211 679 313 748 devm
326 703 406 748 eurn
422 703 492 749 esse
510 681 561 770 (ut
580 685 655 750 Lxx
673 683 815 772 habent)
831 682 890 750 sed
910 683 1026 748 aiveina
1040 682 1144 748 deum
1167 680 1316 773 probare
1331 679 1404 746 vult
1418 678 1473 745 vel
1489 686 1528 745 ut

211 789 318 876 Syrus
333 794 411 878 apte
425 788 530 855 habet
547 810 555 858 :
572 811 642 855 non
663 788 797 856 videtur
808 790 945 862 tibi,Bel
966 790 1103 855 viveret
1117 810 1149 855 v.
1167 795 1186 855 5
1211 815 1227 848 «
1247 800 1281 854 et
1298 787 1387 853 divit
1407 810 1468 853 rea
1481 784 1530 853 ad

209 915 287 960 eam
303 915 396 960 :non
408 893 542 961 videtvr
555 894 618 960 tibi
632 917 698 962 esse
711 896 774 962 Bel
786 895 901 962 vivens
913 894 1017 962 deas?
1027 918 1074 961 an
1087 917 1157 960 non
1166 893 1258 960 vides
1271 907 1403 983 quanta
1418 915 1526 959 conae—

211 999 273 1066 dat
291 1012 323 1066 et
341 999 433 1067 bibat
448 999 623 1091 qnotidie?
637 1025 669 1068 u.
685 1009 705 1068 6
725 1014 757 1068 ct
780 1002 829 1068 all
846 1003 973 1092 Daniel
994 1001 1151 1068 arridens
1165 1024 1176 1067 .·
1192 1023 1235 1066 ne
1259 1022 1348 1066 erres
1367 1020 1447 1081 rea,
1466 999 1526 1065 iste

211 1105 301 1172 enim
325 1107 526 1174 intrinsecas
550 1108 662 1174 lutaris
688 1121 736 1174 est
759 1119 792 1175 el
807 1108 997 1198 forinsecas
1022 1130 1143 1174 aereas
1163 1128 1272 1198 neqve
1296 1105 1442 1174 comedit
1462 1104 1527 1171 ali-

210 1212 348 1302 quando
364 1237 401 1296 v;
420 1212 667 1281 -simulacra
690 1214 894 1305 plerumque
912 1237 953 1281 ex
973 1213 1032 1281 vili
1056 1216 1200 1281 materia
1217 1214 1417 1280 constabant
1437 1234 1525 1301 quae

208 1319 346 1386 laminis
359 1321 470 1386 aureis
485 1320 539 1388 vel
558 1322 729 1407 argenteis
743 1321 797 1387 vel
817 1323 924 1388 aereis
942 1320 1189 1408 obtegebatur;
1209 1321 1251 1387 ci,
1271 1324 1312 1388 is.
1330 1324 1434 1401 aldi
1449 1341 1521 1409 seq.

211 1429 275 1493 ler.
304 1430 394 1506 10,5.
424 1432 457 1492 a.
484 1426 617 1493 Baruoh
640 1433 731 1506 6,5D.
760 1427 859 1517 Apud
890 1430 971 1494 [XX
995 1426 1113 1493 Daniel
1141 1429 1227 1514 Cyro
1252 1447 1316 1516 per
1343 1425 1524 1492 Dominum

209 1534 316 1597 Deum
332 1531 475 1598 deorum
496 1533 587 1600 iurat
602 1533 690 1600 nihil
705 1555 858 1623 unquam
873 1533 1005 1601 idolum
1018 1532 1218 1600 comedisse.
1236 1536 1282 1599 Ex
1296 1554 1328 1599 v.
1348 1540 1379 1600 7.
1398 1539 1439 1598 10
1452 1530 1525 1597 for-

208 1643 294 1704 tasse
314 1639 468 1727 sequitur
481 1639 645 1729 impensis
668 1639 774 1727 regiis
795 1639 856 1706 illa
879 1641 1047 1708 sacrificia
1073 1661 1143 1707 esse
1162 1640 1219 1706 Bel
1246 1640 1416 1728 apposita;
1432 1636 1522 1704 unde

209 1741 370 1812 facillime
389 1743 577 1834 explicatur
590 1746 644 1812 ira
660 1747 750 1832 regis
768 1751 801 1813 et
817 1747 1038 1813 comminatio
1052 1746 1145 1813 lacta
1157 1768 1190 1812 ν.
1208 1753 1228 1810 7
1244 1773 1259 1805 α
1282 1756 1315 1811 et
1333 1746 1439 1810 iratas
1461 1766 1521 1810 rea

209 1850 345 1916 vocavit
368 1850 556 1918 sacerdotes
578 1851 651 1918 eivs
670 1864 702 1919 et
723 1853 774 1919 ait
796 1853 842 1918 eis
864 1874 875 1919 .·
898 1853 967 1919 nisi
985 1852 1139 1919 deberitis
1159 1850 1261 1933 milri,
1284 1851 1363 1940 qvis
1385 1862 1434 1918 ast
1463 1851 1526 1939 qai

210 1955 366 2022 comedat
382 1956 552 2046 impensas
566 1957 874 2041 tuamor-remini!
888 1983 921 2024 v.
936 1965 957 2026 8
971 1959 1124 2024 siaalern
1135 1956 1344 2024 ostenderitis
1359 1958 1522 2047 qnoniam

209 2061 274 2128 Bel
285 2061 439 2129 comedat
460 2064 562 2148 daec,
585 2065 749 2130 rnvrietar
772 2065 914 2147 Daniel,
942 2066 1024 2154 qaia
1051 2063 1299 2154 blasphemavit
1318 2066 1354 2129 in
1382 2063 1450 2130 Bel.
1478 2067 1523 2130 El

209 2167 297 2234 deaii
318 2168 444 2236 Daniel
463 2171 537 2260 reqi
557 2193 567 2236 :
591 2171 657 2260 fiat
683 2170 781 2237 iacta
808 2171 947 2238 verbam
973 2183 1070 2237 taam
1088 2174 1123 2236 »Ξ
1145 2209 1189 2220 -
1212 2191 1339 2241 numen
1367 2169 1521 2236 divinum

209 2274 403 2344 simulacris
422 2276 530 2343 inesse
554 2284 628 2367 post
649 2279 937 2346 consecrationem
956 2300 996 2344 ac
1018 2276 1264 2344 dedicationem
1285 2276 1525 2344 existimabant

208 2380 263 2468 (cf.
281 2385 465 2450 Comment.
488 2385 524 2448 in
545 2387 587 2451 la.
606 2388 631 2450 ll
650 2407 685 2474 p.
710 2384 806 2472 16l);
824 2406 932 2474 quare
955 2406 1033 2451 oum
1052 2383 1132 2451 deos
1150 2383 1332 2451 hominum
1346 2405 1442 2450 more
1459 2382 1523 2449 sibi

208 2488 394 2574 fingerent,
407 2489 518 2556 solum
533 2489 640 2556 multo
653 2493 878 2580 potentiores,
890 2491 984 2559 haud
1000 2489 1139 2558 difficile
1153 2491 1195 2557 iis
1210 2490 1411 2580 persuaderi
1425 2496 1521 2580 pote-

209 2599 263 2662 rat
278 2594 357 2663 deos
368 2617 505 2686 quoque
515 2596 592 2664 cibo
601 2602 752 2687 potuque
763 2598 926 2665 delectari
936 2601 1077 2687 eiusque
1088 2598 1185 2687 copia
1197 2619 1323 2683 magna
1332 2597 1400 2664 frui
1411 2619 1520 2687 posse.

253 2701 403 2769 Maiestas
431 2708 463 2769 et
486 2703 637 2792 potentia
664 2703 749 2770 idoli
785 2727 825 2772 ex
855 2726 1001 2777 rrumero
1028 2703 1242 2772 sacerdotum
1275 2703 1460 2790 colligitur,
1482 2726 1522 2770 ex

208 2827 329 2875 eorum
345 2830 426 2874 vero
440 2829 584 2876 numero
599 2829 736 2900 quoque
760 2833 820 2877 our
842 2816 975 2878 tantum
999 2811 1158 2877 ciborum
1182 2811 1239 2876 Bel
1262 2811 1431 2899 requirat;
1447 2833 1479 2877 v.
1501 2816 1521 2876 9

212 2945 226 2976 «
245 2927 343 2981 erant
360 2926 475 2981 aretem
487 2914 674 2983 sacerdotes
688 2917 751 2983 Bel
759 2917 977 3006 seplaaqiata
991 2917 1141 3006 exceptis
1154 2915 1316 2982 acroribus
1325 2927 1358 2982 el
1367 2916 1522 3006 parvalis
1560 2946 1564 2952 ·

208 3034 242 3088 et
256 3021 351 3110 filiis.
367 3025 413 3088 Et
431 3023 522 3088 venit
540 3045 600 3088 rea
619 3045 695 3088 cana
719 3023 843 3090 Daniel
860 3023 898 3088 in
921 3023 1086 3112 templana
1101 3021 1165 3088 Bel
1167 3045 1180 3104 ;
1195 3046 1227 3090 u.
1250 3029 1291 3088 10
1313 3035 1346 3087 et
1364 3021 1523 3088 divertent

207 3127 397 3196 sacerdotes
415 3129 478 3196 Bel
491 3151 502 3195 :
518 3151 593 3196 erce
607 3151 667 3196 nos
687 3129 881 3219 epredirnar
891 3131 1008 3220 soras;
1021 3142 1054 3195 et
1073 3141 1109 3195 ta
1128 3151 1188 3194 rea
1195 3151 1290 3219 pone
1305 3151 1397 3195 escas
1417 3142 1450 3194 et
1471 3129 1521 3194 vi-

208 3257 292 3302 nam
304 3236 406 3301 misce
420 3247 454 3301 et
468 3234 588 3301 claude
604 3236 726 3302 ostiam
741 3248 774 3302 et
789 3236 886 3326 siena
906 3235 1037 3301 annulo
1053 3248 1130 3318 tao;
1144 3258 1177 3301 v.
1195 3243 1233 3303 11
1251 3246 1283 3300 el
1300 3257 1377 3300 curn
1397 3235 1522 3325 inpres-

207 3341 383 3430 censueris
402 3363 517 3424 mane,
533 3343 600 3408 nisi
617 3343 784 3409 inveneris
799 3343 914 3409 emnia
932 3355 1078 3409 comesta
1093 3365 1114 3408 a
1131 3343 1203 3424 Bel,
1219 3353 1326 3408 morte
1339 3343 1523 3408 morienna·

208 3446 265 3513 vel
276 3448 400 3514 Daniel
420 3449 483 3538 qni
500 3449 660 3516 mentitas
681 3462 729 3516 est
749 3447 931 3516 adversam
953 3471 1063 3532 nos»;
1079 3449 1174 3515 -in
1190 3473 1222 3514 v.
1240 3455 1260 3514 9
1280 3449 1392 3510 τέκνων
1406 3449 1459 3515 bis
1474 3455 1522 3515 est

208 3575 345 3621 versum
363 3555 566 3642 invulgata.
580 3559 747 3623 Numerus
764 3557 1049 3645 septuagenarius
1064 3576 1132 3622 non
1147 3555 1249 3622 debet
1268 3554 1378 3622 videri
1396 3556 1518 3638 maior,

207 3682 286 3726 cum
298 3665 426 3729 constet
439 3684 539 3751 saepe
557 3662 657 3751 plura
677 3661 786 3729 millia
801 3662 1063 3730 hierodulorum
1082 3662 1143 3729 uni
1159 3662 1286 3750 templo
1302 3662 1405 3729 luisse
1423 3663 1520 3729 attri-

208 3767 291 3834 buta
304 3771 338 3834 et
357 3775 377 3834 3
396 3772 480 3854 Reg.
501 3770 748 3849 18‚1amentio
769 3769 829 3834 fiat
849 3777 912 3837 t50
938 3770 1188 3858 prophetarum
1203 3768 1283 3835 Daal
1307 3775 1340 3833 et
1363 3775 1426 3836 aaa
1442 3792 1521 3858 pro-

207 3873 392 3962 phetarum
414 3879 572 3958 Astartes,
589 3877 648 3964 qui
672 3875 897 3942 comedebant
916 3875 959 3942 de
978 3897 1094 3942 mensa
1117 3876 1260 3942 lezabel.
1276 3914 1320 3924 —
1335 3875 1521 3942 Herodotus

207 3991 323 4046 narrat
346 3980 472 4071 (1‚181.
501 3985 578 4069 182)
606 3981 641 4048 in
667 3983 860 4049 sanctuario
881 3982 940 4048 Bel
965 3968 1115 4070 positum
1140 4004 1210 4048 osse
1236 3981 1363 4048 lectum
1394 3983 1520 4071 optime

208 4091 350 4154 stratum
363 4093 397 4154 et
406 4093 508 4156 noctu
518 4088 568 4155 ibi
582 4089 753 4156 introduci
768 4089 946 4157 mulierem
959 4110 1063 4178 quam
1074 4089 1157 4156 daus
1171 4111 1211 4154 ex
1221 4087 1382 4155 omnibus
1398 4089 1517 4174 eligat3

206 4194 254 4258 ita
269 4193 370 4260 dicia
386 4194 565 4262 Chaldaeis
583 4194 816 4262 sacerdotibus
838 4196 909 4276 dei;
928 4202 961 4262 et
982 4195 1086 4262 deum
1102 4196 1218 4261 venire
1241 4199 1274 4260 et
1294 4195 1331 4260 in
1355 4195 1442 4262 lecto
1467 4217 1521 4262 re-

206 4299 384 4382 cumbere,
400 4305 434 4368 et
449 4302 540 4368 idem
555 4302 630 4369 fieri
649 4302 771 4369 Thebis
792 4303 827 4368 in
847 4302 934 4368 urbe
950 4302 1208 4392 Aegyptiorum.
1224 4307 1328 4368 Porro
1347 4308 1466 4369 narrat
1484 4303 1520 4369 in

205 4406 273 4473 alia
292 4409 476 4476 sanctuarii
490 4415 588 4498 parte
608 4408 735 4498 (alsa)
752 4431 822 4475 esse
838 4409 1053 4489 cubiculum,
1072 4408 1121 4473 ibi
1143 4429 1309 4495 magnum
1334 4407 1389 4474 dei
1412 4409 1519 4475 simu-

204 4511 336 4581 lacrum
349 4536 492 4581 aureum
510 4537 580 4582 esse
593 4517 740 4604 positum
752 4521 784 4582 ct
799 4537 937 4583 auream
954 4536 1104 4581 mensam
1121 4537 1301 4601 magnam,
1319 4516 1354 4583 in
1374 4538 1443 4606 qua
1457 4516 1520 4583 im-

205 4620 379 4689 molentur
401 4623 484 4708 agni
508 4622 638 4706 tenelli;
664 4643 734 4689 esse
754 4645 891 4712 quoque
914 4621 1039 4705 altare,
1059 4624 1094 4689 in
1122 4646 1191 4713 quo
1212 4645 1290 4690 oves
1313 4628 1516 4689 mactentur.

204 4732 357 4819 Utraque
368 4729 519 4796 narratio
535 4731 585 4796 rei
599 4733 734 4796 nostrae
749 4729 972 4797 illustrandae
987 4729 1150 4796 inservit·
