3550 5367
241 312 302 371 240
802 310 880 368 llas.
902 310 931 377 o,
956 311 995 369 at

132 531 147 556 ,ἶ
242 458 448 539 aedificatio,
466 459 502 524 in
522 480 562 525 ea
581 458 684 547 plene
704 458 870 548 impletur
892 458 978 525 illud
1001 480 1083 527 :vos
1100 459 1178 525 estis
1199 459 1368 549 templum
1389 461 1448 526 Dei
1467 460 1551 543 vivi,

47 591 69 639 t·
136 559 145 644 J
241 568 326 633 sicut
342 565 424 631 dicit
438 569 524 633 licus
544 588 552 630 :
571 568 733 654 quoniam
752 564 955 631 inhabitabo
969 566 1005 631 in
1020 564 1089 631 illis
1104 571 1137 631 et
1150 565 1377 632 inambulabo
1395 566 1488 633 inter
1502 588 1555 633 eos

242 673 277 760 (⁶2
298 676 374 739 Cor.
399 672 512 760 6‚1o);
532 674 617 739 haec
642 678 691 738 cst
708 672 970 739 tabernaculum
994 672 1051 739 Dei
1066 693 1144 739 cum
1168 671 1383 754 hominibus;
1402 672 1488 739 baec
1510 678 1558 739 est

242 779 410 869 templum
429 778 517 844 illud
532 777 625 867 quod
640 801 660 844 a
678 780 794 845 Massia
813 778 1057 845 exstruendum
1077 798 1148 845 essa
1166 778 1348 844 Zacharias
1372 778 1556 869 propheta·

242 888 291 975 vit
311 910 318 954 ;
336 890 369 952 et
381 886 453 974 ipse
467 884 664 951 aedificabit
676 886 845 974 templum
860 884 963 952 labve
983 884 1077 974 (6,13
1098 884 1230 972 hebr.);
1247 885 1334 951 haec
1355 892 1404 951 est
1420 884 1480 953 illa
1497 886 1557 952 do-

244 1013 318 1059 mus
328 1013 433 1081 quarn
447 1012 545 1057 verus
556 990 734 1071 Salomon,
744 992 889 1072 Messias,
904 997 942 1058 ut
954 992 1103 1078 figuram
1112 991 1298 1059 Salomonis
1309 992 1344 1057 in
1357 1014 1392 1057 se
1401 991 1555 1082 impleat,

243 1098 438 1166 aedificabit
452 1097 583 1163 nomini
602 1098 736 1165 Domini
760 1100 790 1183 (2
813 1101 896 1184 Reg.
916 1098 1024 1187 7,13).
1039 1103 1076 1165 ln
1094 1098 1157 1164 isto
1175 1098 1316 1164 demum
1329 1099 1461 1188 templo
1481 1100 1555 1178 Dei,

242 1208 279 1271 in
291 1206 354 1271 isto
366 1225 507 1293 corpore
522 1204 663 1291 mystico
683 1204 780 1270 cuius
795 1210 900 1293 caput
913 1210 962 1270 est
978 1205 1132 1271 Christus
1151 1204 1302 1295 reposita
1313 1210 1391 1271 sunt
1405 1210 1439 1271 ct
1451 1205 1558 1271 horni-

155 1312 158 1316 ’
244 1310 345 1378 nibus
360 1309 546 1376 obveniunt
564 1309 654 1377 bona
667 1309 727 1375 illa
740 1332 828 1399 qnae
844 1309 888 1375 ab
904 1309 1029 1396 angelo
1048 1314 1293 1377 enumerantur
1314 1334 1321 1375 :
1340 1308 1463 1377 deletio
1479 1334 1558 1400 pee-

243 1423 414 1497 catorum,
438 1415 591 1482 remedia
616 1414 660 1481 ad
679 1438 720 1483 ea
738 1415 959 1505 impedienda
978 1416 1230 1499 efficacissima,
1251 1417 1399 1506 expiatio
1420 1439 1556 1499 eorum,

244 1522 405 1590 adductio
430 1545 469 1589 ac
495 1523 634 1608 largitio
653 1523 844 1589 sanctitatis
869 1546 957 1613 quae
981 1544 1156 1612 nunquam
1182 1529 1385 1602 marcescat,
1403 1524 1558 1615 impletio

245 1629 461 1697 oraculorum
471 1634 625 1695 veterum
640 1650 827 1718 eorumque
843 1628 1057 1696 confirmatio
1078 1651 1117 1697 ac
1134 1631 1263 1697 sanctio
1278 1631 1440 1697 continua
1458 1635 1493 1697 et
1504 1628 1558 1697 in·

243 1736 360 1823 signis.

287 1848 355 1911 llac
371 1844 487 1932 itaque
502 1842 697 1933 acceptione
716 1842 817 1934 plene
836 1841 985 1908 habetur
1004 1842 1040 1908 id
1052 1842 1144 1930 quod
1162 1842 1235 1933 ipsa
1249 1844 1508 1910 enumeratione
1528 1848 1560 1909 et

244 1950 329 2018 serie
348 1950 517 2017 bonorum
530 1946 773 2038 postulandum
790 1970 861 2015 esse
876 1947 1036 2017 diximus.
1054 1949 1204 2016 Habetur
1218 1970 1433 2038 progressus,
1451 1949 1558 2017 habe·

244 2063 302 2124 tur
315 2057 576 2148 comprehensio
591 2054 763 2145 quaedam
781 2055 950 2122 bonorum
967 2054 1257 2139 antecedentium,
1277 2078 1356 2122 cum
1375 2056 1412 2122 in
1427 2056 1558 2123 Christo

245 2166 355 2255 capite
374 2169 407 2231 et
420 2164 545 2230 inteius
558 2184 699 2252 corpore
712 2162 856 2249 mystico
870 2184 1004 2229 summa
1019 2162 1233 2230 contineatur
1247 2164 1401 2229 omnium
1413 2162 1558 2251 promis-

245 2271 379 2339 sionum
398 2272 473 2351 Dei,
490 2290 623 2336 summa
638 2269 791 2336 omnium
805 2269 1070 2358 perfectionum,
1083 2291 1216 2337 summa
1228 2271 1382 2336 omnium
1392 2269 1558 2336 bonorum

123 2452 126 2459 ,
245 2400 333 2467 quae
352 2398 490 2467 sperare
509 2396 686 2466 possumus
704 2381 738 2441 et
754 2374 933 2442 debemus.
955 2380 1070 2465 Neque
1091 2376 1206 2443 minus
1227 2381 1322 2467 patet
1336 2396 1441 2467 quam
1461 2398 1558 2465 prae-

246 2483 336 2551 clarc
345 2482 405 2549 illa
412 2481 625 2549 enumeratio
636 2486 669 2547 et
682 2473 785 2547 series
797 2481 863 2547 hoc
876 2482 974 2571 quasi
985 2482 1133 2548 culmine
1147 2489 1180 2549 et
1195 2482 1333 2569 lastigio
1346 2482 1556 2562 absolvatur,

247 2611 351 2681 quam
371 2587 566 2679 splendida,
589 2587 687 2653 atita
705 2586 835 2669 dicam,
851 2589 882 2655 ei
899 2610 1024 2655 corona
1042 2589 1250 2678 imponatur.
1276 2592 1391 2678 Aeque
1414 2590 1525 2656 manis
1543 2628 1559 2639 ·

246 2702 334 2762 stum
349 2701 398 2761 est
409 2694 541 2761 Christo
558 2693 661 2784 capiti
676 2698 709 2760 et
725 2694 859 2783 corpori
878 2694 950 2761 eius
968 2716 1185 2784 summopere
1205 2701 1306 2783 atque
1322 2696 1422 2763 unice
1435 2718 1559 2763 conve-

247 2803 321 2871 nire
340 2822 463 2868 nomen
486 2800 605 2891 templi
628 2800 870 2868 sanctissimis
893 2804 961 2867 Deo
986 2802 1080 2867 uncti
1102 2809 1136 2868 et
1159 2804 1355 2869 consecrati.
1373 2808 1410 2869 ln
1429 2802 1559 2870 Christo

245 2909 336 2975 enim
354 2908 464 2998 capite
477 2907 553 2997 ipsa
564 2906 723 2973 divinitas
736 2906 910 2974 inhabitat
926 2906 1163 2998 corporaliter,
1181 2910 1255 2999 ipse
1272 2909 1308 2975 in
1328 2909 1481 2976 humana
1496 2932 1558 2977 na-

246 3022 324 3083 tura
341 3020 464 3081 unctus
476 3020 526 3081 est
540 3012 735 3095 divinitate3
753 3011 843 3102 quod
865 3018 981 3080 autem
999 3015 1160 3104 incapite
1181 3015 1310 3083 lactum
1335 3021 1400 3097 est,
1422 3037 1485 3104 pro
1501 3039 1559 3083 na-

246 3128 325 3189 tura
339 3128 372 3189 et
385 3120 516 3189 ratione
527 3119 762 3187 membrorum
778 3120 881 3187 etiam
898 3122 933 3186 in
948 3121 1112 3187 membris
1130 3122 1190 3190 fiat
1204 3144 1338 3189 neeesse
1352 3127 1416 3203 est3
1434 3122 1477 3188 de
1489 3122 1560 3190 cius

247 3230 336 3295 enim
360 3227 574 3318 plenitudine
594 3248 711 3293 omnes
730 3248 791 3293 nos
810 3227 1018 3317 accepimus,
1041 3228 1112 3317 ipse
1135 3234 1185 3295 est
1201 3230 1292 3311 vitis,
1308 3250 1370 3296 nos
1384 3228 1556 3319 palmites;

248 3336 320 3425 ipse
337 3342 386 3401 cst
409 3340 511 3423 caput
530 3356 570 3400 ex
589 3355 657 3422 quo
676 3338 785 3401 totum
806 3354 930 3423 eorpus
949 3354 1013 3423 per
1035 3356 1140 3401 nexus
1159 3341 1192 3401 et
1210 3336 1466 3402 coniunctiones
1482 3334 1561 3402 sub-

248 3443 480 3509 ministratum
502 3442 534 3505 et
551 3445 787 3505 constructum
815 3441 935 3507 crescit
952 3440 988 3506 in
1012 3448 1237 3528 augmentum
1258 3442 1555 3532 Dei(loan.1,16;

124 3582 133 3600 ·
250 3546 542 3633 15,a.c01.a‚1o;
565 3546 606 3612 ot.
626 3553 642 3612 1
660 3548 734 3612 eor.
755 3537 869 3626 aare.
896 3546 965 3612 001.
992 3549 1301 3639 1‚sa.nph.1,aa;
1326 3554 1417 3629 aas.
1439 3550 1508 3639 rap
1523 3549 1558 3614 in
1677 3579 1681 3587 ·

249 3656 382 3721 Christo
400 3653 511 3719 omnis
532 3651 726 3719 aedificatio
744 3657 939 3718 constructa
958 3655 1078 3720 crescit
1101 3656 1137 3721 in
1159 3655 1328 3745 templum
1349 3662 1504 3723 sanctum
1524 3656 1560 3722 in

250 3761 404 3845 Domino,
421 3788 437 3821 a
454 3760 565 3849 inquo
580 3765 614 3825 et
626 3781 685 3825 vos
698 3757 972 3825 coaedificamini
984 3760 1020 3825 in
1036 3760 1273 3829 habitaculum
1282 3763 1340 3829 Dei
1349 3764 1385 3830 in
1400 3763 1523 3853 spiritu
1543 3790 1559 3823 »

249 3868 349 3957 (Eph.
363 3873 454 3949 nat.
471 3866 541 3953 22).
558 3863 708 3932 Ecclesia
719 3866 828 3951 igitur
837 3887 925 3954 quae
938 3872 988 3932 est
1002 3888 1126 3956 sponsa
1135 3868 1258 3934 Christi
1268 3874 1316 3935 est
1333 3891 1452 3937 revera
1462 3892 1561 3937 sanc·

249 3977 418 4043 tissimum
434 3974 492 4039 Dei
509 3971 692 4061 templum,
706 3972 823 4061 inquo
840 3976 927 4039 Deus
941 3972 1128 4055 inhabitat,
1146 3974 1237 4064 quod
1254 3980 1395 4041 unctum
1415 3984 1465 4043 est
1484 3976 1561 4066 Spi-

249 4084 317 4149 ritu
330 4082 405 4161 Itei,
421 4085 453 4145 ct
471 4078 630 4146 sanctitas
643 4078 705 4144 illa
719 4083 752 4143 et
770 4080 886 4145 unctio
908 4086 940 4145 et
961 4080 1165 4147 inhabitatio
1179 4081 1239 4148 oei
1260 4102 1347 4171 quae
1364 4081 1468 4149 modo
1480 4104 1560 4173 pcr-

247 4189 430 4255 fcetissimo
454 4190 488 4251 et
512 4184 781 4252 substantialiter
809 4185 937 4252 exsistit
959 4188 995 4252 in
1016 4187 1149 4254 Christo
1173 4190 1299 4278 capite,
1326 4210 1389 4278 per
1421 4188 1561 4257 modum

249 4292 495 4361 accidentalem
510 4296 544 4357 et
557 4290 832 4381 participationis
846 4314 910 4380 pro
927 4294 1060 4360 ratione
1080 4300 1255 4361 creaturae
1273 4296 1307 4360 in
1329 4295 1440 4386 seipsa
1454 4296 1563 4363 subsi-

250 4400 366 4467 stentis
385 4400 488 4465 etiam
516 4396 663 4464 habetur
688 4398 724 4462 in
752 4397 915 4465 membris
944 4399 1083 4483 Christi,
1109 4401 1143 4466 in
1169 4400 1329 4469 Ecclesia.
1354 4406 1463 4492 Atque
1493 4403 1562 4469 tale

249 4505 416 4595 templum
426 4505 483 4570 Dei
497 4504 743 4570 sanctissimum
757 4525 877 4571 revera
887 4505 1079 4571 institutum
1090 4513 1138 4573 est
1148 4509 1183 4573 in
1196 4506 1416 4575 hebdomada
1428 4514 1564 4599 septua-

250 4614 395 4703 gesima3
418 4611 476 4676 sed
491 4609 533 4675 dc
545 4609 676 4676 ratione
689 4610 854 4699 temporis
872 4612 1063 4678 accuratius
1076 4620 1200 4699 agetur
1213 4614 1313 4682 intra.

295 4724 340 4789 Ex
364 4720 427 4786 hac
451 4717 646 4806 acceptione
664 4729 697 4783 ct
719 4729 869 4807 crapulae·
889 4720 1036 4787 Sanctus
1058 4732 1272 4803 sanctornm,
1296 4719 1337 4787 de
1358 4744 1427 4811 qua
1450 4721 1565 4789 obiter
