3550 5367
248 270 287 326 34
608 280 669 332 our
689 277 808 323 nerana
829 278 919 323 crasa
938 280 983 323 sn
1004 278 1197 327 courosmrs.

291 419 394 482 Nemo
409 412 552 499 negabit
564 413 721 503 exempla
740 412 872 501 pictatis
885 434 974 502 quae
987 412 1096 479 edidit
1111 414 1229 480 Daniel
1242 414 1278 480 in
1293 413 1389 494 aula,
1405 414 1563 503 exempla

247 522 538 588 triumtuvenum
561 519 620 611 qui
639 540 708 585 non
730 518 920 585 adorabant
939 518 1088 601 idolum,
1112 525 1193 609 apta
1218 542 1289 587 csse
1313 520 1437 610 quibus
1457 519 1565 587 animi
1616 516 1622 521 ’

248 630 385 717 piorum
405 626 449 693 ad
466 626 596 693 cultum
615 625 673 691 Dei
688 630 721 691 et
741 624 827 712 legis
841 625 1094 692 observantiam
1107 626 1308 709 incitentur,
1325 626 1444 693 eodem
1463 626 1564 693 modo

249 735 307 801 Dei
325 734 473 800 savorem
497 733 533 798 iu
557 731 710 812 Daniele,
733 730 769 797 in
789 731 899 797 tribus
921 731 1103 799 iuvenibus
1123 734 1218 799 cerni
1240 734 1365 799 eximia
1380 733 1510 799 ratione
1531 739 1566 799 et

251 840 330 907 inde
344 839 428 905 disci
446 842 551 905 Deum
567 839 670 905 etiam
685 836 857 905 miraculis
869 858 1069 905 succurrere
1081 840 1186 904 servis
1199 840 1268 905 suis
1281 861 1392 928 neque
1411 860 1563 928 unquam

248 948 323 1037 pios
337 968 402 1036 ope
421 946 478 1011 Dci
499 944 653 1023 destitui;
675 942 821 1033 proinde
842 945 1055 1011 narrationes
1076 945 1152 1011 illas
1173 945 1292 1035 plenas
1310 968 1381 1013 esse
1400 944 1565 1011 doctrinis

248 1076 286 1121 ac
301 1051 524 1119 documentis.
541 1050 605 1119 Sed
621 1051 705 1117 haec
728 1057 860 1117 nonest
884 1052 1036 1140 quaestio
1049 1074 1137 1141 quae
1160 1052 1216 1118 hic
1229 1054 1391 1139 agitatur.
1409 1053 1564 1130 Quaestio

247 1167 295 1228 est
320 1160 430 1225 sintne
450 1158 665 1225 narrationes
686 1157 769 1225 tales
793 1180 881 1247 quae
898 1157 1110 1247 peculiarem
1135 1158 1286 1224 indolem
1309 1160 1473 1249 temporis
1496 1164 1563 1225 An-

246 1266 350 1333 tiochi
365 1264 513 1354 prodant
529 1270 562 1331 et
576 1263 787 1330 conditiones
810 1266 842 1329 ei
853 1264 1010 1353 proprias
1030 1287 1113 1355 prae
1136 1288 1170 1331 se
1191 1265 1320 1347 lerant,
1344 1266 1393 1331 ita
1412 1272 1451 1330 ut
1472 1265 1563 1354 ipsae

247 1373 415 1459 originem
430 1393 524 1437 suam
541 1394 582 1437 ex
597 1371 669 1437 eius
682 1375 835 1460 tempore
851 1371 1079 1437 manifestent.
1101 1371 1137 1437 ld
1152 1373 1243 1437 enlm
1257 1372 1310 1437 illi
1322 1372 1511 1452 affirmant;
1527 1370 1563 1436 id

247 1480 354 1565 igitur
368 1477 562 1566 inquiratur
574 1481 718 1566 oportet.
737 1475 917 1543 Videamus
931 1478 1046 1567 itaque
1066 1478 1214 1565 singula.
1233 1478 1350 1546 Daniel
1366 1500 1446 1544 cum
1464 1477 1564 1545 sociis

247 1586 332 1650 vivit
353 1585 388 1650 in
406 1584 486 1651 aula
502 1584 615 1669 regia,
635 1582 818 1649 addiscunt
837 1583 993 1669 linguam
1011 1589 1045 1650 et
1063 1583 1196 1651 litteras
1213 1584 1478 1665 Chaldaeorum,
1499 1584 1564 1651 sibi

246 1691 362 1757 sinunt
380 1691 512 1779 imponi
532 1690 669 1755 nomina
688 1689 841 1776 gentilia,
862 1688 1011 1756 honores
1030 1697 1063 1755 et
1091 1712 1235 1757 munera
1257 1691 1432 1781 accipiunt
1446 1714 1467 1756 a
1481 1712 1565 1779 rege

247 1796 379 1884 gentili.
406 1796 472 1862 Sed
490 1802 644 1887 tempore
665 1794 948 1862 Machabaeorum
969 1796 1031 1863 tilii
1050 1796 1161 1885 iniqui
1176 1820 1215 1863 ex
1229 1797 1332 1863 lsrael
1350 1819 1385 1863 se
1406 1796 1565 1883 gentibus

248 1902 459 1989 adiungunt3
478 1902 528 1992 pii
547 1902 591 1969 ab
609 1923 726 1968 eorum
741 1903 900 1969 societate
916 1903 1062 1969 manime
1076 1901 1275 1977 abhorrent.
1296 1904 1415 1969 Daniel
1435 1910 1468 1969 ct
1481 1903 1565 1969 socii

247 2011 318 2076 sine
330 2009 401 2075 ulla
414 2010 589 2077 vexatione
604 2016 743 2099 possunt
756 2008 959 2077 abstineres
972 2008 1058 2075 cibis
1072 2009 1275 2089 immundis,
1290 2009 1340 2098 pii
1352 2016 1465 2077 autem
1481 2015 1566 2076 tem-

247 2138 330 2206 pore
347 2116 625 2183 llachabaeorum
638 2115 758 2204 poenis
773 2114 983 2201 gravissimis
995 2122 1168 2201 coguntur
1182 2138 1251 2183 non
1266 2122 1398 2185 tantum
1411 2116 1456 2182 ad
1471 2117 1565 2183 cibos

247 2222 440 2289 immundos
456 2219 695 2301 comedendos,
718 2220 776 2287 sed
795 2220 838 2286 ad
858 2226 968 2288 totum
994 2223 1052 2287 Dei
1077 2222 1207 2288 cultum
1230 2222 1468 2289 deserendum.
1486 2227 1565 2289 Tres

248 2331 388 2395 iuvenes
406 2329 507 2417 plane
523 2328 740 2393 committunt
754 2330 836 2409 Deo,
854 2335 971 2394 utrum
988 2328 1069 2393 velit
1083 2350 1117 2393 se
1136 2330 1270 2418 eripere
1288 2350 1395 2395 necne
1411 2336 1443 2395 et
1460 2328 1564 2395 mira-

248 2436 324 2501 culo
349 2436 476 2520 insigni
502 2435 710 2523 eripiuntur;
736 2437 890 2522 tempore
915 2434 1137 2502 machabaico
1164 2436 1332 2501 maximus
1356 2442 1405 2502 est
1427 2437 1563 2525 piorum

250 2539 352 2607 ardor
368 2540 410 2605 ad
425 2538 669 2630 pugnandum,
688 2538 732 2605 ad
748 2540 817 2605 vim
834 2541 867 2605 vi
887 2540 1138 2629 repellendam3
1155 2541 1199 2607 ad
1214 2563 1310 2608 arma
1328 2546 1504 2623 vocantur,
1521 2541 1566 2607 ad

249 2646 378 2713 bellum
399 2653 535 2712 strenue
560 2644 750 2731 gerendum
775 2644 1018 2728 admouentur;
1042 2670 1078 2714 se
1097 2647 1191 2738 ipsos
1214 2646 1340 2715 debent
1362 2648 1563 2727 defendere;

249 2752 389 2843 plurimi
411 2751 457 2841 pii
480 2751 689 2838 iugulantur,
707 2752 935 2821 succumbunt
954 2774 1066 2841 neque
1085 2758 1201 2821 tamen
1220 2758 1307 2821 Deus
1325 2752 1493 2821 miraculo
1508 2776 1566 2820 eos

250 2859 361 2949 eripit.
383 2857 418 2925 Si
430 2858 545 2946 itaque
562 2879 601 2922 eo
616 2856 770 2947 exemplo
788 2858 895 2923 voluit
912 2860 1056 2948 scriptor
1071 2860 1246 2927 consulere
1261 2862 1473 2951 temporibus
1491 2882 1565 2927 ma·

250 2964 436 3047 chabaioiS,
459 2963 497 3030 id
517 2964 664 3030 consulit
686 2970 724 3029 ut
742 2962 854 3031 sinant
876 2966 1065 3047 se'vexari,
1088 2972 1216 3033 utnon
1240 2990 1275 3034 se
1304 2966 1506 3048 defendant,
1529 2972 1567 3033 ut

250 3071 455 3139 miraculum
474 3070 531 3137 Dei
547 3074 755 3161 exspecteut;
774 3091 857 3157 ergo
876 3071 979 3160 plane
994 3072 1168 3139 contraria
1182 3074 1351 3140 consuluit
1367 3074 1421 3140 vel
1437 3073 1566 3140 descri-

250 3179 316 3269 psit
334 3179 375 3243 iis
389 3198 476 3267 quae
495 3198 614 3243 revera
628 3181 825 3243 evenerunt.
848 3176 941 3243 Idem
958 3180 1068 3245 cernis
1086 3179 1124 3245 in
1145 3180 1281 3246 Daniele
1295 3202 1371 3271 cap.
1388 3188 1425 3256 6;
1447 3202 1516 3246 non
1529 3200 1565 3247 se

250 3284 417 3364 defendit,
436 3284 570 3349 nonius
592 3304 691 3349 suum
711 3304 918 3371 causamque
932 3290 1145 3374 propugnat;
1167 3287 1282 3375 quiete
1304 3293 1337 3353 et
1350 3294 1471 3376 pacate
1485 3289 1568 3353 sinit

251 3414 285 3457 se
307 3390 408 3457 abiici
429 3390 464 3455 in
487 3390 598 3455 lacum
621 3390 756 3455 leonum
779 3395 812 3455 et
834 3392 893 3457 Dei
912 3391 1078 3458 miraculo
1102 3398 1256 3459 servatur
1273 3394 1464 3459 incolumis.
1481 3390 1567 3470 Quid

251 3498 368 3583 igitur,
391 3496 418 3561 si
433 3496 519 3561 haec
534 3496 657 3584 scripta
672 3502 749 3561 sunt
765 3495 863 3561 unice
879 3519 942 3585 pro
960 3501 1113 3585 tempore
1130 3498 1364 3583 machabaicO,
1378 3505 1424 3565 ut
1437 3498 1566 3587 agendi

251 3601 372 3669 modus
391 3601 444 3667 vel
459 3600 655 3667 consulatur
669 3601 722 3666 vel
738 3603 797 3689 qui
812 3603 855 3667 sit
874 3602 1111 3668 describatur?
1131 3603 1300 3671 Suadetur
1315 3606 1431 3695 itaque
1446 3612 1483 3672 ut
1494 3626 1566 3673 sese

251 3709 390 3776 arbitrio
408 3714 663 3798 persecutorum
683 3708 911 3790 committant,
934 3714 1040 3776 Deum
1057 3711 1149 3776 enim
1168 3712 1334 3779 miraculo
1356 3734 1427 3781 esse
1447 3736 1566 3780 occur-

252 3838 385 3900 surum3
408 3820 467 3881 aut
488 3816 688 3904 exprimitur
702 3816 750 3880 ita
766 3809 838 3903 pios
856 3836 892 3881 se
906 3817 1058 3903 gessisse.
1082 3822 1188 3895 Quam
1206 3820 1360 3909 ineptum
1379 3824 1565 3910 utrumque

252 3924 293 3990 sit
308 3923 384 4013 quis
399 3927 447 3989 est
459 3922 543 4011 quin
562 3921 697 3987 videat?
711 3925 799 4006 Ergo
814 3944 882 4010 quo
894 3922 970 3988 iure
983 3928 1136 3989 statuunt
1155 3946 1210 3991 eas
1225 3927 1436 3993 narrationes
1450 3932 1565 4017 utpote

251 4031 351 4119 plane
371 4028 643 4096 accommodatas
659 4027 764 4094 indoli
781 4028 1024 4097 machabaicae
1044 4032 1233 4099 necessario
1249 4054 1287 4098 co
1306 4042 1460 4122 tempore
1475 4036 1565 4100 esse¹

253 4136 480 4224 conscriptas?

296 4241 359 4307 Sed
375 4243 512 4307 fortasse
531 4242 566 4306 in
587 4241 725 4326 regibus
740 4243 893 4307 cernitur
909 4242 1040 4309 indoles
1054 4250 1089 4309 et
1101 4246 1295 4333 exemplum
1312 4246 1470 4312 Antiochi
1485 4250 1566 4336 Epi-

285 4544 305 4585 1.
324 4538 402 4585 Reuss
416 4545 441 4582 r.
459 4548 481 4597 g.
492 4534 545 4584 ita:
564 4548 615 4583 was
632 4532 686 4583 ihm
703 4533 773 4584 seinc
788 4533 886 4583 Blatter
896 4534 1049 4598 eingrgeben
1064 4536 1110 4590 hat
1124 4537 1169 4586 das
1184 4551 1237 4586 war
1251 4536 1292 4587 die
1306 4529 1471 4602 Lage'seincr
1485 4540 1562 4591 Glau-

252 4617 436 4678 bensgenossen
453 4613 500 4663 wic
516 4626 544 4662 er
558 4614 594 4663 sie
611 4628 657 4663 vor
676 4617 761 4675 Augen
784 4615 854 4664 hatte
876 4616 1037 4677 (Gcschirhte
1057 4616 1103 4666 der
1123 4616 1149 4666 h.
1166 4617 1238 4667 Schr.
1255 4620 1284 4667 Α.
1299 4621 1327 4669 T.
1344 4632 1367 4681 p.
1389 4624 1442 4684 580)
1459 4620 1476 4670 i.
1494 4635 1516 4671 e.
1535 4636 1566 4673 ea

251 4696 395 4763 aequalium
413 4694 558 4747 conditione
571 4708 646 4759 quam
662 4695 742 4745 oculis
756 4693 877 4745 cernebat
888 4694 921 4746 ad
935 4696 997 4745 hacc
1008 4696 1192 4747 conscribenda
1206 4697 1328 4749 incitatus
1342 4704 1390 4751 est.
