3550 5367
1594 338 1742 394 mx.
1803 338 1891 394 ΙΙ,
1943 338 2119 394 :zu-31³
2123 342 2139 390 t
3067 342 3183 398 :ffla

542 506 870 574 superare.
922 492 986 550 et
1038 486 1322 574 perdere
1366 486 1614 574 peterit
1662 506 1875 574 usque
1923 486 2003 550 nd
2059 490 2323 574 tempus
2375 510 2411 550 a
2475 490 2603 550 [len
2659 486 3031 554 dem-ctum.
3087 490 3183 554 ,ad

542 614 750 682 quem
786 598 1102 658 eventum
1134 592 1346 658 verba
1378 594 1542 658 haec
1586 594 1991 670 refrt-nutum
2031 614 2167 658 nnn
2203 594 2435 678 liquet.
2479 590 2923 658 Prnhahiliter
2959 606 3179 658 [amru

542 702 842 782 intelligi
890 706 1206 786 poterunt
1258 698 1342 762 dt:
1390 698 1722 766 Antiochi]
1766 702 1883 786 qui
1935 722 2171 786 pacem
2215 722 2367 762 eum
2419 702 2799 766 Ptolemaei]
2851 702 3079 766 feei-rit.
3119 710 3183 766 rt

542 826 706 870 rum
746 830 978 870 ser-um
1010 806 1366 870 retinuerit
1398 806 1582 870 dulos
1626 810 1863 886 centra
1899 826 2051 870 eum
2107 806 2531 886 machinam,
2571 806 2731 870 dum
2767 810 3187 874 Ptolemaeus

542 914 654 978 vel
694 914 858 1002 quia
890 914 942 974 is
974 922 1190 978 aetate
1230 934 1482 1002 parvus
1510 918 1654 978 erat
1686 910 1799 978 alii
1827 914 1947 998 qui
1975 910 2067 974 ah
2106 914 2247 978 eins
2291 910 2599 1002 part-ilius
2639 914 2939 990 stabant,
2983 914 3183 978 etiam

542 1018 738 1086 [lulius
766 1022 834 1082 in
862 1022 1274 1086 Antiochum
1306 1022 1674 1102 agitarent.
1710 1018 1839 1082 Alii
1875 1018 2111 1082 volunt·
2139 1018 2271 1082 ium
2307 1022 2419 1102 aggi
2455 1018 2535 1082 de
2571 1022 2947 1086 Ptolemaei]
2983 1022 3187 1106 rhys-

542 1150 734 1202 nune.
770 1126 890 1214 qui
930 1146 998 1190 se
1030 1126 1190 1190 [lum
1222 1126 1598 1190 ,antiochae
1634 1130 2027 1214 Aegyptum
2055 1130 2415 1214 occuparet
2443 1146 2603 1190 mnu
2635 1150 2867 1190 sorore
2899 1126 3183 1214 Cleopa-

542 1242 650 1298 tra
698 1230 1178 1298 Alexandriam
1214 1238 1562 1320 receperat
1594 1238 1654 1294 et
1706 1230 1867 1319 qui,
1923 1230 2083 1294 dum
2135 1234 2347 1297 Frater
2395 1234 2539 1294 eius
2571 1254 2611 1298 a
2659 1238 2827 1298 nutu
2867 1234 3179 1298 Antiochi

540 1336 875 1427 penderet
903 1343 970 1403 et
995 1337 1305 1419 arbitrie,
1337 1337 1536 1403 asuis
1567 1337 1807 1404 amicis
1834 1358 1953 1402 rex
1984 1343 2130 1402 erat
2160 1336 2573 1403 declaratus,
2604 1342 2770 1404 Cum
2801 1361 2881 1404 eo
2909 1361 3182 1428 quoque

541 1445 920 1511 Antiochus
967 1441 1226 1510 bellum
1279 1443 1488 1530 gessit
1540 1465 1665 1532 per
1702 1442 2063 1509 honestam
2120 1443 2417 1532 speciem
2454 1442 2737 1510 fratrem
2786 1445 2930 1511 eius
2978 1445 3178 1527 redu-

544 1549 746 1616 cendi
775 1552 846 1616 in
878 1571 1195 1635 regnum.
1230 1551 1303 1617 S.
1332 1548 1518 1615 Hier.
1550 1554 1743 1616 notat
1770 1549 1860 1616 ad
1882 1572 1946 1615 v.
1987 1555 2073 1615 27
2106 1550 2236 1616 hoc
2260 1548 2633 1616 secundum
2665 1549 3021 1618 historiam
3048 1574 3183 1619 non

540 1677 740 1746 posse
769 1656 1248 1723 demonstrari.

637 1762 1006 1845 Antiochus
1058 1782 1313 1848 magna
1361 1783 1520 1828 cum
1562 1760 1822 1851 praeda
1872 1761 2241 1828 revertitur
2288 1767 2355 1827 et
2396 1766 2635 1829 contra
2688 1761 2974 1829 ludaeos
3014 1763 3181 1831 furit

543 1892 611 1934 v.
634 1873 719 1935 28
752 1898 782 1928 α
808 1881 874 1934 et
891 1878 1259 1934 revertetur
1282 1869 1355 1933 in
1377 1880 1623 1933 terram
1644 1889 1841 1933 suam
1871 1889 2025 1932 cum
2048 1864 2287 1957 opibus
2307 1868 2539 1934 mimis=
2559 1880 2624 1934 et
2644 1890 2759 1933 cor
2786 1869 2929 1934 eius
2949 1868 3183 1936 adver-

541 1998 692 2042 sum
737 1987 1210 2042 testamentum
1258 1987 1609 2054 sanctum,
1647 1986 1713 2040 et
1735 1973 1951 2061 faciet
1989 1985 2053 2039 et
2084 1985 2455 2039 revertetur
2482 1973 2555 2040 in
2595 1986 2847 2040 terram
2876 1998 3074 2041 suam
3109 1998 3177 2057 »3

540 2121 634 2130 —
660 2081 827 2170 quid
862 2082 1138 2149 molitus
1178 2082 1265 2147 sit
1305 2087 1545 2147 contra
1575 2079 1859 2146 Iudaeos
1894 2085 1962 2145 et
1998 2100 2238 2145 eorum
2280 2080 2682 2166 religionem
2714 2087 2778 2145 et
2814 2083 3140 2170 templum
3162 2137 3177 2163 ,

542 2189 701 2275 lege
748 2195 779 2254 1
823 2188 1033 2254 Mach.
1088 2194 1239 2270 1‚21
1273 2208 1415 2275 seq.
1461 2192 1527 2251 et
1560 2191 1600 2251 2
1634 2185 1843 2252 Mach.
1881 2192 2183 2264 5‚11-17.
2225 2185 2418 2263 Quod
2457 2188 2640 2251 enim
2682 2187 2909 2252 animo
2939 2209 3180 2253 conce-

541 2295 649 2383 pit
676 2299 917 2359 contra
948 2291 1448 2382 rempublicam
1481 2276 1919 2372 Iudaeorum,
1950 2313 2153 2380 opere
2185 2297 2534 2357 exsecutus
2560 2298 2689 2374 est3
2717 2291 2899 2358 unde
2932 2292 3181 2361 dicitur

542 2412 612 2465 et
642 2400 874 2489 faciet.
921 2403 1157 2466 Postea
1194 2398 1402 2466 aliam
1444 2398 1764 2486 suscipiet
1804 2389 2302 2487 expeditionem
2356 2403 2594 2464 contra
2633 2404 3051 2489 Aegyptum3
3106 2405 3175 2466 at

539 2513 792 2573 eventu
829 2528 871 2571 a
900 2506 1130 2593 priore
1171 2504 1516 2586 dissimili3
1547 2528 1612 2570 v.
1657 2510 1741 2571 29
1781 2533 1810 2563 «
1846 2515 2096 2570 statuto
2126 2516 2423 2592 tempore
2451 2517 2823 2571 revertetur
2861 2518 2926 2571 et
2957 2506 3182 2572 veniet

540 2611 641 2678 ad
664 2624 972 2678 austrum
1003 2624 1068 2678 ct
1092 2634 1228 2677 non
1266 2611 1392 2676 erit
1409 2610 1640 2700 priori
1661 2609 1883 2676 simile
1923 2610 2359 2677 novis-simum
2399 2632 2468 2694 ›>;
2514 2649 2597 2663 -—
2636 2611 2833 2680 hebr.
2886 2635 3024 2678 non
3052 2614 3180 2678 erit

544 2719 650 2785 uti
682 2720 909 2808 prius,
967 2719 1063 2783 ita
1095 2718 1456 2807 posterius
1503 2716 1695 2783 Ratio
1735 2715 2069 2800 redditur,
2123 2740 2247 2783 cur
2293 2717 2650 2783 consilium
2684 2722 3074 2808 Aegyptum
3109 2720 3179 2784 in

539 2847 735 2892 suam
785 2815 1144 2911 redigendi
1182 2828 1585 2913 potestatem
1634 2844 1774 2888 non
1821 2823 2120 2912 potuerit
2160 2824 2430 2912 exsequi
2485 2846 2550 2890 ν.
2598 2830 2679 2890 30
2727 2855 2756 2884 «
2796 2837 2861 2890 et
2913 2825 3182 2891 venient

539 2954 744 3022 super
773 2954 927 2998 eum
963 2931 1190 2996 trieres
1220 2943 1286 2996 et
1312 2930 1629 3008 Romani,
1661 2929 2169 3019 etpercutietur
2193 2941 2258 2993 et
2281 2941 2582 2994 revertur
2618 2942 2683 2995 et
2710 2929 3181 3018 indiqnabitur

541 3051 778 3104 contra
811 3050 1286 3104 testamentum
1319 3035 1703 3102 sanctuarii
1726 3048 1791 3100 et
1823 3035 2040 3124 faciet
2074 3046 2574 3124 reverteturque
2605 3047 2669 3102 et
2704 3037 3023 3125 coqitabit
3051 3037 3178 3103 ad-

539 3168 803 3212 versum
836 3168 945 3211 eos
987 3145 1113 3235 qui
1144 3143 1661 3232 dereliquerunt
1700 3153 2177 3208 testamentum
2219 3141 2602 3207 sanctuarii
2633 3171 2662 3200 »
2692 3166 2706 3224 ;
2743 3180 2829 3190 —
2874 3143 3069 3209 hebr.
3115 3158 3182 3209 et

541 3261 812 3327 ‘venient
848 3272 1087 3327 contra
1128 3282 1283 3326 eum
1332 3281 1536 3324 naves
1574 3258 1857 3339 Kittim;
1894 3256 2259 3322 Theodotio
2309 3278 2324 3325 :
2358 3254 2418 3318 οἱ
2450 3255 2897 3345 ἐκπορευόμενοι
2936 3253 3176 3336 Κίτιοις

542 3368 775 3434 Kittim
809 3368 1087 3433 nomine
1123 3366 1575 3451 designantur
1602 3363 1868 3430 insulae
1894 3368 1961 3429 et
1988 3384 2149 3429 orae
2179 3364 2564 3430 maritimae
2600 3367 2811 3431 maris
2848 3366 3173 3432 mediter-

537 3476 760 3555 ranei,
805 3474 1170 3563 praecipue
1203 3477 1463 3562 Cyprus
1501 3471 1757 3551 insula‚
1800 3471 1871 3536 in
1919 3491 2056 3558 qua
2093 3469 2258 3535 urbs
2300 3471 2557 3565 Kition;
2602 3470 2758 3536 vide
2800 3472 2889 3538 ad
2937 3477 3063 3539 ler.
3100 3480 3166 3554 2,

547 3588 652 3648 10.
683 3586 816 3648 Hoc
839 3581 984 3647 loco
1024 3579 1353 3646 alluditur
1374 3578 1461 3644 ad
1492 3577 1890 3644 vaticinium
1923 3581 2121 3643 Num.
2159 3582 2362 3657 2231»
2401 3599 2414 3644 ε
2448 3579 2722 3643 venient
2752 3579 2823 3644 in
2853 3579 3173 3645 trieribus

539 3688 626 3753 de
659 3688 848 3755 ltalia
879 3687 1102 3773 (hebr.
1130 3691 1197 3751 et
1223 3708 1431 3752 naves
1453 3690 1743 3774 exparte
1771 3683 2054 3771 Kittim).
2088 3687 2246 3749 LXX
2278 3690 2345 3749 et
2366 3685 2439 3750 S.
2477 3686 2661 3751 Hier.
2690 3707 2766 3750 ex
2796 3684 2894 3750 rei
2927 3693 3169 3751 eventu

541 3797 878 3860 Romanos
915 3793 1127 3859 textui
1159 3794 1614 3857 inseruerunt.
1658 3791 1948 3856 Romani
1980 3791 2160 3855 enim
2186 3810 2342 3854 eum
2367 3790 2843 3878 percutiebant
2871 3793 2918 3857 i.
2953 3814 3014 3857 e.
3046 3793 3173 3858 hu-

541 3900 898 3966 miliabant
937 3906 1002 3966 et
1033 3898 1119 3965 ab
1148 3899 1417 3987 incepto
1462 3896 1782 3964 desistere
1821 3896 2183 3983 cogebant.
2228 3900 2396 3961 Vere
2436 3898 2618 3962 enim
2658 3899 2818 3963 anni
2873 3905 2996 3964 168
3037 3905 3173 3964 An-

538 4008 803 4072 tiochus
846 4005 1105 4072 bellum
1151 4006 1363 4071 movit
1412 4010 1652 4071 contra
1700 4003 1873 4070 duos
1916 4003 2162 4068 fratres
2205 4003 2732 4070 Philometorem
2773 4009 2839 4069 et
2885 4005 3172 4091 Physco-

537 4132 728 4193 nem;
762 4113 812 4178 ii
841 4113 983 4178 scil.
1022 4110 1347 4177 suadente
1379 4113 1736 4200 Cleopatra
1765 4131 1991 4174 sorore
2023 4130 2253 4174 secum
2296 4109 2364 4173 in
2409 4110 2776 4176 amicitiam
2828 4110 3174 4178 redierant

444 4239 471 4248 ”
530 4225 604 4285 et
633 4219 835 4285 ambo
867 4220 1173 4284 resistere
1203 4218 1571 4284 studebant
1593 4216 1927 4283 Antiocho
1958 4216 2076 4304 qui
2109 4214 2466 4305 praesidiis
2493 4217 2738 4282 Pelusii
2770 4218 3022 4284 relictis
3052 4225 3173 4285 Ae-

536 4331 749 4415 gypto
779 4324 1120 4390 dominari
1153 4324 1322 4391 velle
1355 4325 1537 4390 clare
1559 4322 1969 4388 ostenderat.
2007 4325 2257 4387 Contra
2286 4322 2414 4387 hos
2440 4322 2808 4389 Antiochus
2838 4346 3168 4410 magnum

533 4430 724 4497 duxit
762 4432 1157 4497 exercitum.
1217 4431 1318 4496 Illi
1367 4434 1599 4496 autem
1636 4428 1991 4518 perterriti
2046 4455 2076 4487 «
2110 4430 2370 4512 legatos
2413 4433 2690 4495 Romam
2738 4430 2826 4496 ad
2855 4438 3166 4498 senatum

534 4538 844 4619 mittunt,
880 4538 1132 4604 auxilia
1162 4543 1432 4627 petunt,
1483 4535 1692 4602 fidem
1723 4535 2065 4601 societatis
2092 4533 2501 4624 implorant3
2553 4557 2823 4602 movere
2854 4545 3164 4605 senatum

527 4666 765 4734 preces
806 4645 1124 4711 fratrum.
1158 4644 1437 4711 Mittitur
1485 4644 1714 4731 itaque
1764 4643 2033 4727 legatus
2077 4641 2379 4730 Popilius
2426 4642 2517 4709 ad
2554 4644 2987 4722 Antiochum,
3044 4645 3165 4734 qui

529 4751 872 4818 abstinere
923 4752 1116 4819 illum
1165 4754 1472 4839 Aegypto
1530 4756 1648 4815 aut
1714 4748 1770 4814 si
1834 4741 1981 4814 iam'
2031 4748 2405 4816 incessisset
2474 4749 2798 4817 excedere
2867 4752 3160 4819 iuberet.
