3550 5367
691 373 695 381 ·
750 334 828 393 Das.
851 334 885 452 9ζ
905 334 945 391 24
1446 338 1502 397 stt

187 483 396 549 mentionem
415 485 485 551 iam
497 484 611 549 ieciin
626 488 813 551 Commeat.
831 484 867 549 in
881 483 1007 572 Proph.
1025 484 1108 549 min.
1129 487 1153 549 ll
1172 506 1208 573 p.
1226 489 1290 552 ‘288
1311 490 1344 551 et
1358 486 1393 551 in
1407 491 1502 553 Com-

183 590 345 657 mentia
363 590 484 656 Isaiam
503 594 530 656 ll
546 614 580 680 p.
604 596 681 670 tat,
699 590 830 679 pariter
851 589 962 656 elucet
979 590 1176 679 impletione
1195 590 1286 657 lacta
1304 593 1510 681 appellatio-⁶

183 716 263 761 nem
297 696 396 762 islam
424 697 538 763 Sancti
574 703 768 763 sanctorum
800 696 921 762 merito
954 696 996 762 de
1027 697 1157 763 Christo
1195 697 1366 786 explicari.
1393 705 1502 787 Atque

184 805 242 867 SS.
269 806 385 868 Patres
399 809 432 869 et
450 804 632 891 scriptores
652 803 867 869 ecclesiastici
888 804 959 869 fere
978 826 1094 869 omnes
1114 809 1280 893 quotquot
1296 804 1337 870 de
1360 804 1502 875 1100110-

184 908 283 974 uielis
300 931 403 975 versu
422 911 631 998 scripserunt
646 916 679 975 et
692 903 894 1000 interpretes
909 911 1069 976 catholici
1083 911 1132 976 ita
1146 909 1316 1000 appellari
1330 912 1499 979 Christum

180 1021 375 1094 senseruut;
393 1014 550 1105 explicite
562 1014 596 1081 id
618 1016 791 1083 affirmant
807 1039 839 1084 v.
861 1039 896 1103 g.
918 1015 1070 1082 Clemens
1084 1016 1169 1082 alex.
1190 1020 1278 1082 Terl.
1299 1018 1372 1106 Hip.
1397 1019 1498 1085 hiric.

181 1122 276 1208 Orig.
295 1121 694 1210 CommodianuslPitra,
711 1122 1003 1212 Spicilegiumlp.
1022 1130 1064 1189 28
1081 1146 1112 1189 v.
1128 1124 1220 1211 266),
1237 1124 1358 1205 Euseb.
1376 1126 1499 1192 Athen.

181 1234 270 1313 Aug.
307 1228 435 1294 Theod.
478 1221 692 1310 Ammonius,
727 1229 922 1296 Anastasius
958 1229 1096 1306 sinaita‚
1136 1231 1357 1312 Paschasius,
1392 1231 1498 1316 Beda,

179 1334 252 1399 hdo
274 1339 337 1402 etc.
359 1340 441 1416 etc.;
459 1335 565 1401 immo
583 1336 619 1401 in
637 1336 792 1401 versione
809 1336 941 1422 syriaca
960 1334 1158 1425 simpliciter
1178 1335 1306 1402 dicitur
1326 1359 1332 1404 :
1355 1337 1399 1403 ad
1419 1342 1501 1405 bles-

179 1441 267 1505 siam
285 1446 441 1507 sanctum
464 1447 678 1522 sanctornm,
703 1442 752 1508 ita
772 1448 810 1508 ut
833 1441 978 1509 verbum
998 1442 1097 1509 hebr
1122 1431 1217 1507 111105
1245 1466 1439 1532 expressum
1459 1446 1501 1511 sit

179 1568 243 1635 per
262 1547 413 1613 Messiam
428 1544 575 1621 antunh.
597 1547 661 1614 Sed
676 1549 735 1636 qui
756 1547 798 1614 de
821 1547 894 1614 solo
916 1550 1048 1615 Christo
1071 1548 1254 1638 explicant,
1271 1572 1340 1615 non
1362 1550 1500 1618 omnino

177 1654 270 1720 int-er
287 1676 322 1719 se
339 1655 556 1721 consentiunt
571 1654 711 1743 quando
729 1660 853 1722 unctus
872 1658 915 1721 sit
931 1678 939 1722 :
954 1662 1076 1721 unctus
1096 1660 1145 1721 est
1160 1655 1289 1745 Spiritu
1303 1662 1421 1724 sancto
1432 1658 1500 1724 lac-

176 1765 235 1825 tus
250 1761 352 1826 homo
373 1761 466 1849 (Sc);
484 1761 569 1827 haec
581 1758 698 1827 unclio
710 1767 743 1827 el
761 1762 971 1829 consecratio
991 1763 1112 1829 Christi
1128 1763 1219 1829 facta
1232 1763 1297 1829 luit
1317 1765 1429 1851 primo
1444 1769 1499 1831 In-

177 1866 386 1933 caraationis
400 1866 471 1933 eius
486 1868 644 1949 instanti,
660 1866 718 1933 sed
732 1868 908 1957 publicata
921 1874 954 1933 et
972 1868 1100 1934 mundo
1116 1867 1290 1935 declarata
1304 1874 1354 1935 est
1368 1870 1405 1935 in
1417 1868 1499 1961 bap·

177 1974 279 2039 tismo
300 1973 582 2063 (1011000010
597 1973 760 2063 baptismi
774 1974 1002 2042 descendente
1018 1996 1120 2065 super
1139 1998 1218 2041 eum
1236 1975 1365 2065 Spiritu
1380 1984 1497 2044 sancto

175 2080 264 2146 sieut
273 2080 431 2146 columba
444 2102 523 2163 eum
533 2103 604 2147 esse
621 2088 761 2147 unctum
775 2087 931 2147 sanctum
941 2086 1135 2148 sanctorum
1149 2088 1261 2148 censet
1270 2080 1365 2148 Beda
1371 2102 1386 2165 ;
1395 2083 1497 2173 idque

179 2186 310 2275 Coelay
329 2193 446 2253 censet
464 2187 727 2276 explicationem
748 2185 1035 2277 probabiliorem;
1054 2188 1176 2254 merito
1200 2194 1316 2254 autem
1340 2188 1497 2278 plerique

175 2292 375 2359 unctionem
394 2294 517 2359 camin
533 2295 731 2360 universum
749 2293 967 2379 intelligunt,
984 2316 1053 2385 qua
1069 2299 1192 2360 unctus
1206 2300 1255 2360 est
1272 2294 1450 2361 divinitate
1465 2302 1497 2363 et

176 2407 393 2466 consecratus
406 2400 443 2465 iu
461 2402 712 2467 sanctissimum
731 2401 946 2491 pontificem,
963 2422 1098 2487 regem,
1116 2400 1362 2487 legislatorem,
1382 2401 1496 2469 docto-

175 2528 249 2571 rem
266 2511 299 2572 et
313 2506 568 2596 redemptorem
586 2508 708 2575 mundi
724 2507 855 2596 (Sonat.
875 2507 987 2597 Lep).
1009 2512 1133 2575 Verum
1154 2530 1194 2574 eo
1213 2510 1288 2597 ipso
1302 2508 1371 2574 iam
1387 2514 1496 2576 osten-

174 2612 270 2679 ditur
288 2614 485 2679 unctionem
503 2614 593 2680 hanc
615 2620 650 2681 et
663 2615 930 2704 appellationem
947 2614 1055 2681 sancti
1079 2620 1276 2681 sanctorum
1297 2617 1352 2681 vel
1375 2618 1495 2706 ¹templi

173 2720 377 2786 sanctissimi
391 2742 460 2786 non
468 2742 565 2809 posse
584 2719 628 2786 ad
645 2742 752 2786 unum
767 2721 939 2788 Christum
955 2721 1149 2789 1010111130
1167 2722 1260 2787 enim
1276 2724 1392 2788 unctio
1406 2724 1495 2789 facta

174 2831 223 2891 est
241 2827 318 2915 ipso
338 2832 510 2893 momento
525 2827 785 2905 iucarnationis;
800 2827 871 2893 iam
884 2849 965 2893 vero
977 2828 1169 2893 lucarnatio
1185 2848 1254 2893 nou
1273 2834 1384 2917 potest
1399 2831 1494 2895 attri-

173 2932 234 2998 bui
258 2932 497 3000 hebdomadae
514 2934 797 3023 septuagesimae.
818 2939 998 3000 Praeterea
1021 2936 1049 2999 si
1069 2933 1111 2999 de
1132 2934 1203 3000 solo
1225 2933 1357 2999 Christo
1381 2956 1493 3002 sermo

172 3046 275 3119 esset,
290 3038 390 3129 plura
414 3052 634 3107 occurrerent
651 3041 687 3104 in
706 3041 778 3128 ipso
793 3045 886 3104 textu
908 3062 996 3128 quae
1021 3040 1200 3105 offensioni
1224 3040 1344 3105 merito
1366 3049 1489 3107 essent.

173 3148 289 3213 Primo
304 3148 396 3213 enim
408 3146 538 3212 deesset
550 3147 771 3213 consonantia
785 3146 845 3212 illa
859 3147 949 3212 inter
964 3148 1152 3211 orationem
1175 3145 1323 3211 Danielis
1346 3153 1378 3211 et
1401 3146 1492 3214 bona
1559 3214 1562 3223 ,

172 3254 357 3341 promissa;
374 3252 579 3339 efflagitavit
598 3254 688 3318 enim
708 3254 811 3318 etiam
831 3252 1080 3318 restitutionem
1096 3250 1217 3341 templi
1236 3252 1311 3334 Dei,
1334 3253 1390 3317 cui
1408 3254 1492 3342 peti-

171 3359 258 3425 tioni
272 3360 309 3424 in
324 3358 396 3426 solo
410 3360 543 3426 Christo
558 3382 627 3426 non
642 3359 772 3426 satisfit.
789 3357 1431 3425 [10111011100000010110010110001010
1453 3359 1488 3425 in

171 3465 295 3533 ultimo
312 3466 468 3531 membro
483 3465 770 3532 interturbaretur
784 3469 818 3532 et
830 3466 1157 3554 interrumperetur3
1180 3486 1260 3531 uam
1281 3458 1350 3529 non
1373 3465 1489 3531 adesse

171 3571 329 3637 ordinem
343 3572 507 3661 temporis
526 3595 590 3661 per
608 3594 643 3637 se
661 3577 772 3661 patet;
790 3571 923 3638 accedit
944 3571 1036 3660 quod
1058 3571 1172 3637 unctio
1192 3571 1314 3638 Christi
1334 3572 1439 3637 solius
1453 3572 1488 3637 in

170 3699 203 3742 se
220 3683 374 3767 spectata
390 3684 439 3745 est
452 3701 554 3745 carisa
566 3680 717 3746 efficiens
734 3685 768 3745 et
778 3678 954 3745 meritoria
967 3678 1106 3745 illorum
1121 3678 1310 3761 bonorum;
1327 3679 1395 3745 iam
1408 3700 1488 3744 vero

170 3806 246 3851 eam
271 3799 409 3852 causam
435 3787 629 3852 enumerari
647 3791 722 3875 post
740 3786 878 3852 effectus
897 3807 983 3875 quos
1009 3784 1177 3875 producet
1199 3791 1233 3851 et
1256 3786 1377 3851 eodem
1407 3808 1487 3852 cum

170 3892 347 3959 aflectibus
362 3892 483 3959 ordine
500 3914 540 3959 ac
556 3915 658 3959 censu
677 3898 710 3958 et
727 3892 764 3959 in
782 3915 816 3959 sc
831 3898 880 3959 est
894 3891 992 3959 valde
1012 3892 1255 3959 inconcinnum
1270 3900 1303 3957 et
1317 3892 1351 3957 in
1371 3897 1486 3958 nostro

170 4020 271 4064 versu
285 3999 418 4065 admitti
429 4000 563 4088 nequit,
577 4000 740 4087 quianon
754 4021 850 4065 mera
865 3998 1013 4066 habetur
1025 4000 1255 4079 enumeratio,
1269 4020 1389 4064 verum
1401 4003 1484 4065 tem-

169 4127 233 4191 pus
247 4098 442 4172 declaratur
458 4096 607 4195 'quando
621 4106 676 4172 vel
697 4107 813 4195 potius
832 4128 940 4194 usque
959 4106 1001 4173 ad
1022 4106 1117 4195 quod
1132 4105 1186 4171 isti
1207 4104 1345 4196 effectus
1361 4105 1486 4194 produ-

168 4212 268 4278 cendi
291 4210 371 4281 sint.
397 4216 488 4298 Ergo
505 4211 543 4278 id
562 4211 655 4301 quod
674 4218 723 4279 est
746 4213 869 4279 horum
892 4214 1047 4279 omnium
1067 4234 1165 4279 causa
1187 4217 1219 4277 et
1242 4210 1391 4279 conditio
1415 4233 1484 4278 non

168 4324 277 4405 potest
293 4319 414 4385 ultimo
431 4320 505 4384 loco
518 4319 616 4409 poni,
632 4341 700 4385 uon
718 4323 827 4407 potest
839 4319 1035 4385 enumerari
1055 4317 1176 4384 eadem
1189 4317 1303 4384 forma
1313 4338 1484 4403 gramma-

168 4424 261 4491 ticali
279 4432 456 4514 tamquam
474 4425 614 4491 effectus
629 4425 771 4514 quidam
788 4426 929 4514 reliquis
941 4426 1168 4491 continuatus.

212 4533 248 4598 Si
267 4553 349 4598 vero
362 4544 513 4622 conpater·
526 4543 682 4598 sanctum
697 4545 892 4598 sanctorum
907 4531 1074 4621 accipitur
1088 4553 1151 4619 pro
1165 4532 1294 4619 templo
1308 4532 1368 4597 illo
1388 4555 1482 4600 sanc-

167 4639 311 4721 tissimo,
332 4662 397 4729 pro
414 4640 560 4707 Ecclesia
575 4640 698 4705 Christi
722 4660 823 4705 sensu
842 4638 1023 4729 explicato,
1046 4638 1163 4704 omnia
1185 4638 1250 4705 ista
1264 4638 1481 4706 incommoda

166 4746 328 4814 vitantur.
346 4750 435 4813 Haec
456 4746 547 4813 enim
567 4746 738 4814 institutio
753 4745 921 4813 Ecclesiae
945 4768 1063 4813 revera
1077 4745 1191 4813 locum
1205 4745 1328 4813 habuit
1346 4747 1382 4811 in
1398 4744 1481 4811 heh-

726 4854 832 4901 Dsnrnn.
850 4880 882 4889 -
900 4858 936 4903 16.
