3550 5367
292 350 350 411 iao
796 346 799 357 ·
842 349 921 406 ma
945 349 975 421 a,
1001 350 1056 408 re
1142 304 1156 325 ‘

288 522 446 589 poterone
468 498 511 564 ad
531 500 568 565 h.
583 497 607 562 l.
625 500 660 563 Z.
677 497 780 585 Keil).
797 496 937 562 Accedit
958 497 1050 591 qued
1066 498 1184 565 Darius
1207 498 1318 566 Medus
1336 522 1445 569 novus
1461 502 1605 589 dynasta

287 607 362 693 regi
385 604 591 693 babylonico
610 603 719 669 occiso
741 603 777 669 in
801 624 950 689 regnum
977 611 1195 671 successerat.
1221 606 1302 672 lnde
1325 613 1439 673 autem
1461 608 1604 675 fortasse

288 714 394 801 arripi
405 716 540 801 poterat
553 710 686 776 occasio
700 708 889 775 inducendi
905 732 1039 803 regem,
1058 717 1096 777 ut
1109 734 1173 800 pro
1188 712 1268 779 aula
1282 736 1342 780 sua
1357 713 1424 780 tale
1440 720 1603 783 statueret

286 820 462 886 decretum
482 839 550 906 quo
563 816 637 882 scil.
659 817 876 883 manifestum
899 816 1103 883 redderetur
1117 823 1233 884 utrum
1255 820 1356 887 etiam
1375 821 1401 887 ii
1423 821 1526 888 aulici
1542 824 1602 911 qui

285 933 385 993 antea
403 925 592 990 servierant
612 924 689 1009 regi
704 922 912 1009 babylonico
936 922 981 988 ad
1000 924 1084 989 novi
1106 922 1198 1009 re'gis
1217 924 1346 995 cultum
1372 931 1405 993 et
1425 928 1602 995 servitium

284 1030 495 1098 transiissent
514 1050 595 1096 vero
610 1029 803 1096 animorum
815 1028 982 1117 obsequio
996 1052 1115 1097 necne.
1132 1036 1208 1097 Esse
1229 1053 1309 1098 vero
1325 1032 1499 1100 decretum
1513 1034 1601 1101 illud

282 1143 446 1205 statutum
466 1158 535 1202 non
555 1157 618 1225 pro
641 1156 750 1222 regno
770 1140 857 1217 toto,
873 1134 930 1201 sed
958 1158 1022 1225 pro
1044 1137 1086 1202 iis
1110 1138 1169 1226 qui
1190 1158 1298 1227 prope
1320 1159 1436 1223 regem
1456 1140 1492 1206 in
1515 1141 1600 1207 arbe

274 1245 379 1332 ,regia
394 1248 492 1309 erant
505 1241 609 1317 etiam
630 1264 672 1308 ea
687 1263 797 1331 poena
812 1242 989 1331 proposita
1012 1244 1243 1335 consequitur.
1266 1248 1390 1311 Lacum
1409 1243 1501 1313 enim
1529 1247 1600 1313 leo-

281 1372 365 1417 num
385 1348 438 1415 vel
454 1376 471 1410 a
490 1348 684 1438 depressam
705 1348 742 1413 in
760 1348 869 1414 altum
888 1348 1022 1414 foveam
1036 1348 1092 1415 vel
1108 1356 1262 1417 arentem
1277 1351 1459 1419 cisternam
1477 1354 1515 1419 in
1530 1376 1599 1443 qua

279 1458 393 1523 leones
409 1454 652 1521 nutriebantur
668 1482 684 1515 »
702 1456 751 1543 (S.
772 1455 867 1520 Hier.
891 1453 934 1520 ad
954 1478 986 1522 v.
1006 1458 1057 1541 19)
1074 1478 1144 1521 non
1158 1456 1288 1545 ubique
1306 1480 1370 1545 per
1384 1460 1483 1545 regni
1497 1460 1599 1525 urbes

280 1563 334 1630 vel
348 1562 476 1652 oppida
490 1562 651 1628 exstitisse
663 1567 769 1651 patet,
784 1561 842 1627 sed
858 1562 895 1628 in
911 1562 997 1628 urbe
1016 1564 1115 1648 regia
1129 1563 1185 1629 vel
1195 1586 1306 1653 prope
1321 1586 1436 1631 arcem
1451 1567 1595 1652 regiam.

279 1674 494 1737 Monumenta
512 1675 650 1758 reperta
663 1668 827 1734 exhibent
846 1674 1059 1758 quantopere
1078 1690 1176 1756 reges
1191 1671 1369 1737 venatione
1383 1670 1520 1737 leonum
1536 1672 1596 1739 de-

278 1776 392 1843 lectati
415 1775 498 1856 sint3
523 1776 638 1841 leones
660 1774 766 1840 etiam
793 1797 814 1841 a
841 1775 976 1864 populis
1001 1774 1163 1841 subiectis
1187 1776 1276 1842 inter
1303 1778 1438 1866 reliqua
1466 1778 1596 1846 tribula

277 1882 485 1972 quandoque
507 1880 742 1947 afferebantur
752 1880 786 1946 in
810 1901 925 1948 arcem
940 1881 1076 1968 regiam
1095 1881 1148 1971 (cl.
1166 1883 1319 1973 Luperci,
1336 1884 1541 1951 Discoveries
1559 1886 1595 1952 in

276 1990 333 2055 the
352 1990 448 2055 ruins
469 1988 506 2053 of
522 1988 667 2053 Niniveb
684 1986 753 2053 and
776 1987 926 2075 Babylon
951 2010 986 2077 p.
1007 1986 1096 2076 138).
1114 1994 1238 2055 Leones
1256 1990 1292 2055 in
1313 1992 1423 2057 caveis
1446 1996 1595 2058 servatos

276 2117 348 2162 esse
362 2100 492 2161 eertum
513 2094 601 2176 est¹;
616 2093 772 2161 homines
786 2092 906 2161 mortis
927 2116 1002 2160 reos
1018 2095 1102 2183 ipsis
1125 2094 1268 2161 traditos
1290 2118 1360 2162 csse
1381 2096 1594 2167 devorandos

275 2204 345 2269 iam
359 2201 439 2268 inde
452 2200 610 2267 redditur
622 2201 762 2267 omnino
781 2199 979 2289 probabile3
996 2202 1137 2290 insuper
1156 2224 1195 2267 ex
1214 2202 1397 2269 annalibus
1410 2202 1593 2270 hsurbani-

274 2309 331 2398 pal
346 2308 452 2375 verba
471 2307 614 2374 recitant
633 2307 758 2396 quibus
770 2306 896 2373 dicitur
911 2313 944 2373 et
965 2306 1198 2375 Sennacherib
1213 2313 1247 2373 et
1261 2309 1492 2397 Asurbanipal
1506 2310 1594 2376 eius-

275 2415 367 2483 modi
386 2437 533 2505 peenam
550 2413 710 2480 inflixisse
734 2414 788 2499 (cs.
803 2414 1041 2480 Transactions
1056 2413 1091 2479 ef
1102 2414 1161 2481 the
1180 2418 1255 2482 Soc.
1271 2415 1308 2481 oi
1319 2414 1404 2482 bibl.
1423 2416 1594 2482 Archaeo-

275 2523 356 2608 10gy
372 2503 496 2605 raiae
515 2545 549 2611 p.
565 2523 741 2608 asa-aaa).

319 2632 388 2705 Quo
408 2629 532 2694 certius
547 2632 661 2716 optato
681 2627 731 2692 rei
750 2628 842 2693 exitu
858 2627 1046 2716 potiantur,
1062 2650 1179 2714 regem
1199 2634 1323 2714 urgent
1341 2634 1378 2694 ut
1392 2628 1593 2711 mandatum

273 2734 365 2801 istud
386 2736 511 2823 scripto
533 2719 767 2821 consignetur.
785 2734 918 2799 Timent
944 2734 1015 2800 scil.
1033 2757 1077 2802 ne
1097 2758 1155 2801 rex
1178 2736 1239 2823 qui
1261 2740 1439 2824 tantopere
1461 2735 1592 2801 Danieli

273 2842 363 2907 favet
383 2841 414 2907 ei
428 2862 570 2931 parcere
589 2839 682 2905 velit.
699 2839 855 2906 Edictum
868 2846 984 2905 autem
1004 2842 1140 2926 regium
1157 2842 1259 2907 semel
1274 2841 1530 2929 promulgatum
1550 2865 1592 2908 ex

273 2968 368 3015 more
386 2953 565 3015 Persarum
579 2967 647 3012 non
661 2950 773 3036 potest
786 2948 957 3029 revocari;
977 2946 1057 3013 vide
1076 2948 1168 3013 Esth.
1192 2952 1371 3027 1‚19;8,8.
1391 2951 1498 3023 Quare
1516 2969 1591 3015 ma-

273 3077 343 3140 gna
370 3054 504 3120 vafritie
531 3052 692 3120 malevoli
714 3052 764 3118 illi
788 3054 963 3141 principes
984 3074 1103 3138 regem
1123 3053 1396 3119 circumveniunt
1414 3053 1590 3120 incautum

273 3163 332 3250 qui
351 3161 394 3227 ad
410 3160 494 3251 quid
508 3161 574 3250 ipsi
594 3158 735 3227 tendant
754 3159 897 3225 minime
911 3158 1156 3250 apprehendit,
1174 3159 1233 3226 sed
1247 3160 1360 3248 potius
1378 3178 1495 3226 corum
1511 3180 1592 3225 con·

272 3267 386 3333 silium
400 3266 518 3333 laudat
537 3272 570 3332 et
590 3265 760 3356 approbat
775 3288 843 3354 quo
859 3266 991 3351 regiam
1009 3265 1245 3332 auctoritatem
1265 3264 1404 3332 firmare
1419 3272 1451 3331 et
1471 3286 1593 3333 omnes

273 3372 318 3439 ad
350 3394 427 3439 eam
459 3395 593 3439 summa
622 3373 838 3439 veneratione
866 3372 1143 3461 prosequendam
1168 3371 1311 3457 adigere
1337 3371 1494 3438 studeant
1516 3394 1546 3437 v.
1568 3381 1591 3438 9

274 3508 290 3542 a
305 3500 409 3570 porro
423 3502 485 3545 rex
503 3480 626 3545 Duriae
635 3478 815 3568 proposuit
836 3478 983 3544 edictum
1001 3478 1167 3545 resteterit
1182 3500 1217 3559 >›;
1234 3516 1279 3526 -
1292 3478 1329 3544 in
1343 3483 1434 3544 textu
1457 3500 1464 3545 :
1486 3500 1589 3568 prop-

271 3594 365 3653 terea
377 3587 527 3653 exaravit
539 3586 703 3673 scriptum
714 3584 989 3651 etinterdictum.
1000 3585 1121 3651 Tribus
1135 3584 1313 3663 decausis,
1331 3584 1448 3650 scribit
1462 3583 1586 3667 irrata,

272 3693 481 3762 credendum
495 3698 544 3760 est
567 3713 647 3758 eum
665 3692 702 3757 in
723 3712 798 3757 eam
818 3692 1024 3756 sententiam
1046 3691 1234 3757 adductum
1261 3691 1379 3772 fuisse,
1400 3690 1587 3757 ambitione

270 3804 394 3869 summi
414 3800 570 3880 honoris,
584 3800 781 3888 principum
800 3819 966 3863 consensu
984 3802 1017 3862 ct
1032 3798 1251 3878 auctoritate,
1268 3798 1420 3863 humana
1434 3796 1587 3885 pruden-

270 3912 328 3992 tia,
344 3918 381 3975 ut
391 3906 572 3974 hominum
591 3905 657 3971 sibi
672 3924 790 3970 recens
804 3901 1020 3969 subditorum
1036 3904 1167 3970 animos
1186 3924 1231 3969 an
1247 3904 1327 3969 satis
1341 3903 1431 3969 dicto
1444 3902 1590 3972 audien-

270 4024 318 4082 tes
337 4020 446 4081 essent
460 4013 683 4101 experiretur.

311 4122 429 4189 Daniel
444 4126 558 4187 autem
573 4141 643 4185 non
658 4118 786 4184 destitit
801 4118 923 4184 orandi
945 4140 1047 4184 eausa
1066 4118 1208 4184 domurn
1221 4118 1288 4197 ire,
1305 4116 1391 4183 sicut
1412 4121 1513 4181 antea
1535 4114 1588 4181 fa-

269 4251 345 4295 cere
357 4228 486 4295 solebat
498 4249 609 4315 neque
624 4225 666 4292 de
680 4225 801 4291 orandi
813 4225 881 4291 ritu
898 4248 966 4314 quo
979 4230 1080 4291 antea
1096 4224 1256 4291 utebatur
1270 4230 1363 4290 rnatu
1377 4222 1468 4307 regis
1482 4220 1586 4310 quid-

299 4476 320 4520 1.
337 4468 402 4517 Vide
414 4481 516 4531 quoque
533 4464 680 4530 parabolam
697 4468 739 4515 Er.
756 4465 1025 4528 19,6-9proposita1n:
1044 4460 1128 4513 sactus
1143 4467 1182 4513 est
1201 4462 1270 4512 leo...
1289 4465 1316 4512 ct
1337 4461 1461 4511 miserunt
1477 4474 1537 4510 euin
1555 4460 1586 4509 in·

266 4561 377 4598 caveam.
390 4547 481 4597 Merito
497 4534 586 4597 scribit
602 4548 787 4596 Leiiorniaat:
804 4560 816 4590 a
831 4543 856 4592 la
871 4543 939 4593 lesse
951 4556 1002 4593 aux
1010 4542 1077 4593 lions
1087 4542 1192 4593 devient
1207 4556 1272 4606 pour
1284 4554 1350 4592 nous
1365 4556 1400 4590 un
1414 4538 1492 4591 detail
1504 4538 1584 4591 d'une

265 4626 409 4678 exactitude
421 4630 447 4675 et
462 4626 539 4676 d'uue
554 4626 680 4689 precision
695 4625 828 4689 topiques‚
843 4638 875 4673 en
892 4623 1010 4687 presence
1026 4622 1073 4672 des
1092 4622 1246 4672 avltnirublcs
1269 4620 1418 4671 bas-relicta
1435 4620 1466 4671 dc
1479 4619 1584 4669 chasses

264 4705 708 4769 d'Assurbariipal,0i1nousvoyons
720 4718 823 4754 amanet
832 4717 877 4752 sur
887 4703 910 4754 lc
922 4704 1016 4754 terrain
1027 4742 1033 4764 ‚
1052 4703 1116 4753 dans
1126 4702 1171 4753 des
1182 4716 1268 4766 coges,
1286 4701 1323 4751 les
1333 4701 1401 4751 lions
1415 4698 1504 4764 gardis
1515 4712 1583 4763 pain·

265 4791 302 4840 les
312 4786 413 4854 plaisirs
429 4786 463 4836 du
474 4786 513 4837 roi
529 4805 557 4847 »3
570 4786 603 4835 ct'.
623 4787 778 4848 Viqouroux
789 4784 806 4833 l.
822 4797 845 4833 c.
